3132 4858
212 125 278 189 344
650 119 681 175 B.
691 117 941 174 'Maurcnbrccherz

210 292 292 369 apud
308 292 433 350 Festum
454 310 521 348 cum
541 289 633 348 Gerus
652 308 711 348 uno
730 309 746 346 r
765 286 896 363 scriptus
914 284 1044 346 traditus
1063 285 1104 344 sit
1121 284 1277 361 Varroque
1296 301 1383 344 voces

209 384 346 443 vetustas
364 399 443 439 nova
461 379 679 454 orthographia
697 378 822 436 reddere
840 377 903 434 fere
923 375 1032 451 ubique
1052 375 1251 448 consueverit,
1277 373 1383 432 deinde

213 491 281 530 cum
304 469 414 528 titulus
437 469 489 527 ille
513 466 739 542 antiquissimus
763 459 863 525 ‘Keri'
887 465 1013 523 formam
1036 467 1172 540 praestet
1189 482 1286 540 neque
1305 463 1385 522 absit

211 580 229 619 a
252 560 317 619 veri
336 557 446 635 specie,
471 575 571 616 eccere
591 556 834 616 exclamationem
854 555 1015 630 figuratam
1035 571 1099 612 esse
1118 573 1154 612 cx
1173 553 1190 612 c'
1206 555 1296 628 atque
1317 551 1384 610 Ocri

211 648 302 706 huius
331 647 464 722 nomine,
492 645 599 705 Corum
627 644 814 704 scribendum
842 643 928 703 nobis
956 661 1023 702 esse
1046 643 1147 719 deum,
1175 661 1234 701 non
1258 639 1384 700 Certum

210 737 364 813 existimo,
390 755 461 794 sane
479 737 601 810 praeter
620 734 706 794 Ocres
725 726 826 814 (ceris
844 733 876 792 in
895 732 1014 792 casibus
1034 731 1172 809 obliquis,
1191 749 1262 791 cers-
1281 731 1314 788 in
1331 749 1383 789 no-

210 826 300 885 minis
321 827 417 884 forma
436 816 604 900 dialectica)
624 823 696 900 quin
714 823 849 899 potuerit
867 822 958 896 stirps
975 819 1057 880 Uero·
1078 821 1207 880 existere
1221 839 1309 879 nemo
1327 819 1385 878 erit

210 915 262 990 qui
289 914 417 974 dubitet.
458 912 558 989 Atque
584 913 668 973 velut
691 911 759 972 Osci
781 911 947 988 Umbrique
973 911 1059 969 deam
1082 909 1223 969 feminam
1246 909 1385 968 Kerriam

211 994 369 1084 (Certiam)
398 1001 540 1061 emeriti
562 1001 666 1060 Kerris
688 993 795 1084 (Oerfi)
819 1000 937 1060 nomine
960 1003 1183 1075 nuncuparunt,
1209 999 1253 1059 ita
1275 999 1385 1076 Latini,

212 1112 289 1169 quac
309 1090 448 1150 Cererem
467 1109 526 1148 uno
545 1110 560 1147 1·
578 1091 829 1165 pronuntiabant,
853 1089 944 1148 etiam
964 1088 1073 1148 Cenum
1092 1088 1222 1164 simplici
1240 1109 1255 1146 r
1274 1088 1385 1148 dixisse

211 1200 245 1240 ac
264 1181 420 1256 scripsisse
438 1179 565 1256 putandi
584 1182 662 1238 sunt.

305 1269 364 1328 Sed
378 1269 457 1327 hunc
472 1267 589 1344 (terum,
604 1288 691 1345 quem
706 1272 871 1328 creatorem
885 1269 1102 1342 interpretatur
1111 1266 1246 1342 Verrius,
1264 1267 1385 1343 genium

213 1378 278 1418 esse
294 1359 450 1433 simileque
464 1376 576 1416 numen
589 1358 681 1433 vulgo
698 1361 815 1433 putant,
834 1358 937 1417 Iovem
951 1357 1064 1417 dictum
1079 1375 1142 1417 esse
1158 1348 1242 1431 ‘quia
1254 1356 1306 1414 ille
1320 1377 1387 1432 prc-

125 1455 126 1458 ’
211 1447 347 1507 creandis
362 1447 531 1506 hominibus
545 1440 753 1525 praeesset'(!)
770 1450 875 1506 acutus
890 1447 941 1505 ille
954 1447 1149 1522 mythologus
1160 1446 1276 1504 Zander
1285 1445 1387 1519 edixit,

210 1538 272 1595 iam
296 1536 403 1595 melius
422 1536 529 1594 Ianum
553 1534 781 1612 intelligendum
803 1553 867 1596 esse
885 1537 970 1595 velut
988 1536 1081 1595 totius
1100 1536 1203 1594 mundi
1221 1537 1387 1594 creatorem

211 1624 306 1684 Linde
327 1618 376 1706 (dc
393 1626 471 1683 Iano
492 1642 603 1683 summo
623 1626 823 1684 Romanorum
843 1617 909 1704 deo)
929 1625 1120 1684 existimavit.
1159 1624 1202 1683 Ut
1223 1625 1278 1682 illa
1299 1625 1387 1699 plane

213 1715 334 1773 mittam
348 1733 365 1771 e
380 1733 457 1773 vana
470 1733 578 1788 nempe
588 1713 688 1773 Verrii
702 1715 886 1791 etymologia
900 1717 974 1788 orta,
990 1716 1041 1791 qui
1051 1733 1132 1772 more
1142 1714 1385 1790 mytholcgorum

213 1804 270 1861 diis
286 1803 420 1877 singulas
436 1803 565 1862 virtutes
582 1804 778 1879 notionesque
798 1803 946 1880 attribuit,
965 1804 1039 1862 haec
1052 1802 1152 1860 Lindii
1170 1803 1269 1878 opinio
1288 1803 1388 1860 fulciri

211 1892 431 1968 quodammodo
450 1891 571 1950 videtur
585 1892 688 1950 -verbis
712 1892 748 1951 fr.
765 1895 799 1951 2:
823 1886 927 1951 ‘Ocres
950 1910 979 1951 cs
1002 1884 1136 1957 duonus',
1158 1891 1267 1967 quibus
1287 1891 1388 1950 Solem

212 1981 358 2042 Iannmve
384 1980 531 2056 appellari
555 1983 685 2058 constat,
709 1983 842 2040 attamen
863 1979 971 2040 Cenum
991 1981 1109 2040 omnino
1129 1980 1246 2057 seiungi
1263 1998 1389 2056 possea

215 2069 324 2129 Cerere
348 2070 404 2128 dea
425 2071 618 2129 vehementer
635 2089 727 2147 nego,
751 2069 844 2129 Gerus
865 2071 1010 2146 quomodo
1030 2069 1218 2145 accipiendus
1237 2069 1278 2128 sit
1299 2101 1333 2110 -
1357 2069 1389 2127 id

213 2160 292 2234 quod
320 2159 409 2217 modo
437 2159 469 2216 in
497 2158 611 2235 origine
639 2159 719 2219 vocis
748 2160 923 2234 explicanda
945 2159 1055 2218 tacitus
1078 2160 1193 2234 sumpsi
1215 2190 1257 2199 -
1282 2159 1390 2218 docent

214 2247 320 2306 Oerfus
347 2247 504 2323 Cerfiaqne
521 2246 705 2307 Umbrorum
733 2252 763 2308 et
782 2248 885 2307 Kerris
908 2248 1074 2324 Kerriaque
1098 2246 1254 2324 Oscorum,
1276 2248 1390 2307 scilicet

213 2341 261 2396 cst
275 2339 374 2396 terrae
387 2336 569 2412 frugumque
585 2337 657 2394 dens
672 2338 799 2397 maritus
810 2336 936 2414 Cereris,
949 2337 1160 2412 coniuratique
1174 2337 1207 2395 hi
1221 2340 1292 2396 sunt
1304 2337 1390 2396 velut

213 2426 306 2485 Liber
329 2425 510 2500 Liberaqne,
533 2425 614 2485 Iovis
636 2425 782 2502 Iunoque,
806 2427 896 2486 Ianus
921 2431 952 2486 et
974 2426 1072 2485 Diana
1096 2426 1243 2501 multique
1266 2425 1325 2485 alii.
1347 2458 1388 2466 -
1482 2417 1484 2422 ¹

217 2513 311 2574 Gerus
334 2533 441 2574 munus
464 2514 585 2586 dicitur,
613 2533 670 2572 non
691 2517 795 2592 manis,
814 2535 943 2591 namque
962 2508 1086 2576 ‘manes'
1105 2516 1201 2574 altero
1220 2515 1306 2574 Pauli
1325 2515 1390 2575 loco

215 2606 270 2663 aut
288 2603 419 2662 librariis
439 2605 494 2662 aut
511 2603 569 2678 ipsi
589 2605 757 2678 excerptori
774 2624 839 2665 esse
858 2604 1034 2664 tribuendos
1054 2623 1145 2681 supra
1164 2605 1296 2680 exposui.
1328 2603 1390 2662 Ad-

214 2693 317 2753 iectivi
345 2693 472 2752 formam
501 2692 630 2751 secunda
654 2685 700 2775 (o)
731 2694 929 2753 declinatione
962 2697 1109 2754 structam
1137 2693 1267 2769 priorem
1296 2695 1389 2753 fuisse

213 2784 334 2857 praeter
360 2783 439 2840 hunc
465 2783 563 2841 locum
590 2782 785 2841 confirmatur
813 2783 1005 2859 inscriptione
1029 2783 1140 2842 Dueni:
1169 2777 1298 2843 ‘duenos
1321 2784 1389 2841 med

214 2871 298 2930 seced
318 2890 355 2929 en
372 2889 501 2944 manem,
521 2870 618 2929 einom
638 2873 704 2930 med
724 2889 812 2932 mano
831 2864 954 2932 statod'.

307 2986 364 3056 13.
396 2994 579 3052 Pennatas
598 2994 901 3072 impennatasqne
920 3014 1038 3074 agnas.

306 3091 503 3146 Testimon:
528 3090 607 3146 Paul.
625 3109 652 3160 p.
667 3097 719 3146 257
735 3095 822 3164 (211):
848 3092 887 3162 ‘p.
906 3094 925 3146 i.
944 3111 969 3148 a.
988 3094 1018 3148 in
1037 3093 1133 3148 saliari
1151 3095 1274 3148 carmine
1298 3097 1390 3165 spicas

219 3163 362 3232 significat
380 3181 443 3217 cum
462 3162 556 3216 aristis
576 3163 605 3217 et
618 3165 689 3218 alias
705 3166 764 3219 eine
778 3165 881 3220 aristis.
911 3164 1022 3233 ‘agnas'
1037 3183 1124 3219 novas
1142 3165 1231 3220 voluit
1243 3165 1388 3234 intelligi!

305 3235 380 3288 Var.
406 3235 497 3288 lect:
522 3251 576 3302 que
598 3237 678 3290 metri
701 3253 786 3291 cansa
803 3239 881 3304 (acl)
900 3239 1014 3291 seestulit
1033 3238 1158 3303 Zunder,
1182 3239 1317 3306 pennatus
1340 3239 1391 3291 im-

216 3307 405 3374 pcsnatasque
424 3321 509 3358 aenas
527 3307 632 3360 mavult
649 3307 755 3376 Ber9t;
773 3313 837 3377 post
856 3309 973 3364 alterum
991 3309 1062 3362 illud
1084 3309 1171 3363 Pauli
1189 3325 1277 3376 agnes
1295 3327 1392 3363 nomen

219 3377 394 3445 psammetici
412 3377 532 3430 cincius
552 3379 636 3443 (velut
655 3379 741 3444 Acte)
761 3381 892 3434 excidisse
910 3385 960 3433 out
974 3380 1053 3433 Festi
1071 3385 1122 3432 cat
1137 3380 1225 3433 Pauli
1242 3386 1292 3434 utet
1310 3382 1391 3436 libro-

216 3465 276 3501 rum
297 3449 380 3514 cahra
398 3453 521 3516 apparet.

306 3543 498 3602 Commeat.
536 3543 647 3602 Vocem
674 3539 800 3620 ‘opens'
827 3565 923 3622 neque
949 3565 1016 3605 cum
1042 3565 1120 3624 agno
1146 3553 1304 3625 cognatam
1328 3568 1393 3608 esse

216 3652 315 3708 neque
333 3652 388 3708 pro
407 3632 555 3691 adiectivo
574 3633 704 3693 notionis
730 3628 823 3695 ‘noni'
841 3635 1010 3694 habendam
1030 3654 1094 3695 esse
1113 3656 1167 3712 per
1181 3655 1213 3695 se
1227 3639 1326 3713 patet3
1346 3639 1392 3696 sin

217 3721 315 3795 spicae
340 3722 401 3780 sint
423 3739 532 3799 agnae,
557 3741 665 3781 nomen
689 3725 726 3782 ab
753 3727 838 3784 acina
861 3725 909 3784 vel
932 3725 1017 3784 acino
1042 3725 1236 3785 derivandum
1262 3727 1333 3799 erit3
1362 3732 1393 3786 et

217 3809 393 3869 femininam
422 3810 541 3884 quidem
570 3811 697 3870 formam
725 3809 827 3872 habet
844 3814 934 3872 etiam
963 3813 1100 3872 Catullus
1120 3817 1171 3889 27,
1191 3815 1224 3873 4:
1258 3809 1316 3874 ‘Ut
1343 3816 1393 3874 lex

50 3963 56 3976 ‚
165 3930 168 3934 ·
216 3899 392 3959 Postumiae
410 3898 494 3957 iubet
513 3901 677 3975 magistrae
697 3904 788 3961 Ebria
806 3903 891 3961 acina
910 3895 1106 3976 ebriosioris'3
1131 3922 1166 3962 ex
1185 3907 1272 3962 acina
1290 3909 1392 3963 autem

147 4045 150 4052 .
180 4005 181 4012 ’
216 3989 248 4048 vi
278 3990 417 4047 accentus
446 3987 520 4046 eliso
548 3990 645 4048 medio
674 4009 745 4049 sono
774 4010 850 4050 ncnc
871 4022 908 4031 -
931 4009 1008 4065 annu
1036 3995 1136 4050 ortum
1164 3985 1256 4070 est¹);
1289 3993 1391 4052 eadem

216 4097 235 4136 a
259 4077 355 4153 stirpe
379 4077 472 4136 habes
496 4095 600 4135 vocem
619 4069 722 4138 ‘acus'
741 4072 858 4160 (palea)
882 4080 960 4155 apud
979 4099 1081 4138 rerum
1099 4081 1282 4139 rusticarum
1301 4083 1390 4159 scrip·

309 4232 334 4298 1)
358 4230 399 4282 De
427 4246 528 4283 vocum
556 4245 635 4296 acus,
663 4231 773 4284 acinum
802 4231 975 4300 etymologia
1003 4231 1037 4286 cl.
1062 4231 1198 4286 Aufrecht
1229 4234 1259 4286 in
1281 4234 1393 4288 Kalend

216 4301 310 4355 annot
330 4300 352 4352 I
364 4317 394 4370 p.
410 4304 473 4356 353.
