3132 4858
516 140 677 196 carminum
696 139 845 194 Saliarium
863 140 1005 208 reliquiae.
1287 145 1351 208 337

183 301 300 368 ‘Lucia'
315 309 467 384 appellata
481 313 528 368 est
546 310 610 389 dea,
629 313 664 369 ut
682 307 788 386 postea
801 309 916 369 Lucina
933 311 983 369 vel
998 312 1044 370 uti
1057 311 1194 388 Iuppiter
1209 313 1352 374 Lacerius

181 398 244 457 sive
264 398 418 472 Lucetius,
438 398 602 476 Volumne,
625 399 710 476 quasi
733 399 837 459 favens
860 399 1024 476 volensque
1047 401 1164 461 feminis
1183 404 1352 478 parturien-

178 487 274 563 tibus,
297 491 405 563 postea
423 506 493 548 vero
513 488 610 547 solum
629 507 792 566 cognomen
810 488 885 547 illud
905 481 1077 549 ‘Volumne'
1097 492 1133 550 de
1153 491 1275 552 Iunonis
1295 492 1351 551 Lu-

164 576 241 660 ·ciae
256 570 319 656 (vel
334 571 477 657 Lucinae)
492 578 660 638 Volumuae
674 578 793 648 nomine
808 578 941 637 solutum
955 578 1125 656 semideam,
1140 600 1217 656 quae
1231 599 1351 641 nascen-

178 665 259 724 tibus
273 665 574 744 parturientibusque
588 667 720 744 praefuit
734 667 935 743 significabat,
954 669 1033 743 quod
1048 670 1167 744 saepius
1181 670 1225 729 ite
1238 670 1351 730 factum

177 772 242 814 esse
261 774 348 815 nemo
369 757 416 814 est
434 757 506 832 quin
525 757 608 816 sciat.

267 881 401 940 Versus
420 880 603 941 Minervii:
623 883 741 941 Desunt
759 883 937 960 fragmenta.

266 1002 415 1064 Carmen
433 1006 468 1063 in
487 1005 622 1064 Iovem:

265 1121 299 1188 6.
359 1128 515 1199 Quemne
533 1133 652 1208 tonas,
672 1129 861 1206 Inoucesie,

358 1219 445 1278 Prae
465 1220 525 1278 ted
544 1219 719 1279 tremonti
737 1223 897 1298 quotque
917 1252 959 1261 -
979 1219 1071 1279 virei
1089 1221 1153 1279 dei.

265 1334 461 1389 Testimon.:
482 1335 593 1389 Terent.
609 1335 704 1389 Scaur.
721 1334 771 1402 (VI
786 1354 812 1403 p.
828 1334 922 1404 2er
944 1335 1128 1389 ‘Aduerbium
1147 1338 1242 1390 autem
1261 1354 1312 1406 per
1331 1356 1349 1406 q

176 1403 278 1458 debeat
297 1405 394 1472 scribi,
420 1409 453 1460 ut
476 1422 577 1474 „quom
600 1406 759 1475 legissem“,
783 1423 886 1474 „quom
905 1405 1060 1473 fecissem“‚
1085 1405 1216 1474 quoniam
1240 1409 1351 1478 antiqui

176 1491 227 1543 pro
245 1475 300 1529 hoe
318 1476 452 1530 adverbio
471 1479 629 1545 „quomne⁴‘
649 1476 793 1545 dicebant,
813 1478 846 1530 ut
863 1475 956 1531 Numa
973 1477 1004 1530 in
1023 1477 1124 1533 Saliari
1143 1479 1276 1532 carmiue’
1296 1483 1349 1534 etc.

177 1578 205 1583 -
220 1545 319 1601 Festus
332 1566 360 1617 p.
375 1553 428 1602 244
442 1549 529 1618 (abab
550 1548 632 1602 ‘Prae
650 1549 698 1602 ted
713 1547 856 1615 tremonti,
874 1552 1067 1618 praetremunt
1080 1549 1130 1603 te!
1144 1580 1177 1589 -
1192 1550 1349 1604 Macrobius

174 1616 188 1668 I
205 1623 245 1682 15,
263 1624 308 1673 14:
330 1617 412 1672 ‘Cum
426 1619 522 1674 Iovem
538 1619 709 1689 accipiamus
724 1621 795 1674 lucis
810 1623 961 1687 auctorem,
980 1621 1053 1674 unde
1073 1622 1103 1673 et
1118 1621 1265 1674 Lucetium
1281 1621 1351 1675 Salii

174 1689 202 1741 in
222 1689 393 1744 carminibus
412 1692 537 1746 canunt?
558 1747 563 1760 ,

176 1811 178 1814 .
264 1769 338 1824 Var.
357 1771 448 1828 lect:
473 1770 611 1842 Quemne]
631 1771 738 1826 carrera
756 1771 806 1836 bis,
825 1771 886 1824 cide
903 1772 991 1837 iufra,
1011 1771 1092 1824 cuine
1111 1772 1188 1826 codd.
1204 1772 1304 1826 Scauri
1322 1772 1350 1824 B
1409 1778 1411 1783 '

174 1845 199 1894 ct
214 1840 277 1895 Pet
290 1843 321 1894 iu
334 1842 488 1911 srapmcato
502 1848 527 1896 et
541 1844 572 1895 ia
585 1842 760 1912 prammaticr'
772 1842 869 1908 uerbis,
889 1857 969 1895 eume
979 1841 1092 1909 Parcet,
1110 1857 1173 1895 cum
1189 1858 1204 1896 e
1219 1843 1349 1909 Ribbeck,

173 1927 248 1978 quae
265 1912 387 1980 Jordaa,
412 1930 513 1981 quome
528 1913 673 1980 ,Bibracte
698 1918 801 1982 quomo
819 1913 937 1974 Zaader.
958 1943 990 1952 -
1015 1911 1109 1986 tonas]
1133 1930 1201 1968 corr.
1223 1914 1347 1982 Omssca,

173 1999 261 2049 ponas
280 1984 345 2036 BP.
364 2016 400 2024 —
419 1984 564 2055 Leucesie]
583 1983 732 2038 Leucesiae
751 1985 820 2050 BP,
843 1983 975 2038 Leucesie
997 1985 1079 2052 culpo
1095 1990 1157 2054 post
1178 1984 1347 2053 Caesenam,

171 2053 302 2108 Leucetie
320 2055 445 2110 Dilatrcr
463 2060 487 2109 et
505 2055 627 2122 Jordaa,
651 2053 784 2109 Leucesie
808 2071 854 2126 eqo
879 2057 1014 2126 cqlosea,
1037 2056 1099 2110 cide
1117 2057 1204 2121 iufra.
1226 2089 1258 2096 -
1278 2056 1346 2110 Prae

170 2125 220 2177 ted
246 2126 391 2198 tremonti]
422 2128 584 2195 praetexere
608 2127 696 2180 monti
720 2127 781 2179 BP
799 2127 914 2193 Scauri,
943 2127 1037 2194 pretet
1065 2127 1199 2180 tremonti
1223 2127 1253 2180 F
1271 2127 1350 2183 Festi

173 2198 219 2262 (ea
237 2203 353 2266 apocr),
373 2213 442 2253 corr.
456 2198 556 2266 Bcrplc,
575 2198 699 2251 tremont
712 2197 831 2264 Jordan,
849 2199 898 2266 qui
911 2197 1045 2252 hemones
1060 2199 1149 2265 addit,
1167 2201 1230 2268 prai
1247 2203 1273 2253 et
1291 2202 1346 2253 tre-

173 2268 400 2323 monteZaadcr.
417 2271 590 2337 -quotque
608 2267 678 2323 sirei
698 2268 755 2340 dei]
776 2271 923 2336 quotibet
941 2268 1027 2322 etinei
1045 2269 1079 2323 de
1094 2269 1118 2322 is
1137 2269 1231 2337 (eunei
1249 2271 1284 2323 de
1303 2269 1347 2324 his

175 2338 212 2407 P)
232 2354 295 2391 cum
314 2340 442 2394 tenerem
457 2341 530 2407 BP,
550 2356 605 2408 quo
624 2337 738 2394 tibimet
756 2340 837 2394 cunei
857 2339 1005 2394 dehiseunt
1025 2339 1152 2408 Gorssea,
1175 2357 1260 2409 quom
1278 2340 1350 2395 tibei

174 2409 255 2463 cunei
279 2411 454 2465 deestumum
478 2413 612 2466 tonarout
635 2411 739 2480 Berat,
767 2410 847 2478 quoti
869 2411 915 2464 ibe
937 2412 981 2465 tet
1004 2409 1058 2465 viri
1081 2410 1230 2466 audeisunt
1252 2415 1366 2466 tonare·

173 2479 277 2546 Hacet,
301 2482 372 2547 quot
389 2483 495 2548 †ibet†
514 2483 641 2536 hemunis
666 2482 732 2536 deri
755 2484 884 2536 cunctum
909 2499 986 2535 mare
1004 2482 1144 2549 Briareus,
1169 2481 1350 2555 quot<quot>

172 2549 338 2624 ubei<que>
355 2553 483 2607 hemunis
498 2553 603 2608 deiveis
617 2553 738 2622 Zaader,
755 2555 804 2622 qai
818 2555 947 2607 cocetum
963 2569 1040 2607 mare
1055 2570 1067 2606 c
1082 2554 1251 2609 Baebreasr'o
1265 2557 1349 2608 sumit

173 2623 270 2677 addito
293 2622 423 2696 m<0ntes
447 2623 599 2697 campos),
622 2626 691 2691 quot
712 2624 754 2678 ibi
778 2627 820 2678 est
844 2625 959 2692 „cuine“
982 2623 1011 2677 id
1038 2627 1082 2678 est
1105 2627 1205 2692 „eum“
1229 2628 1350 2680 restituit

173 2696 405 2764 arammatr'coqae
423 2697 465 2751 aet
482 2697 627 2765 plassatorc'
646 2697 756 2750 cuidam
775 2697 873 2750 tribuit
891 2697 1008 2750 Jordaa.

262 2799 452 2860 Commeat.
490 2802 601 2861 Vocem
632 2801 718 2861 illam
750 2820 841 2879 quam
873 2819 927 2876 pro
961 2793 1051 2860 ‘cum'
1081 2803 1161 2858 stare
1190 2801 1348 2861 Terentius

174 2888 305 2950 Scaurus
321 2893 452 2950 testatur
468 2891 598 2966 incipere
617 2911 635 2950 a
653 2891 756 2951 littera
775 2911 795 2966 q
813 2910 849 2949 ex
868 2890 1001 2949 eiusdem
1016 2889 1115 2949 verbis
1129 2890 1236 2967 elucet,
1255 2910 1348 2966 quare

171 2996 225 3059 pro
245 2998 281 3038 ea
304 2999 394 3056 quam
412 2981 444 3039 in
463 2979 583 3040 Securis
602 2980 688 3040 libris
707 2981 851 3040 habemus
878 2979 1007 3038 lectione
1031 2981 1110 3038 certe
1134 2978 1240 3037 insana
1259 2980 1348 3038 corri-

171 3068 327 3144 gendaque
342 3069 517 3128 adverbium
532 3089 550 3128 a
564 3090 584 3145 q
597 3070 749 3146 iucipiens,
764 3071 848 3131 velut
862 3087 956 3142 quom,
971 3067 1161 3126 scribendum
1175 3070 1230 3144 est,
1247 3072 1349 3126 tamen
1364 3129 1367 3136 ,

171 3155 292 3215 minime
306 3157 494 3232 probandum
507 3158 629 3217 Iordani
642 3177 716 3232 pune
729 3189 766 3199 -
784 3176 911 3233 quocum
925 3156 976 3216 ille
991 3157 1158 3230 comparari
1171 3156 1261 3216 iussit
1275 3156 1347 3216 Um·

171 3245 294 3304 brorum
311 3263 394 3320 parre
421 3265 455 3305 ae
474 3264 573 3320 porcae
597 3279 653 3323 —,
680 3247 791 3323 quippe
814 3266 905 3322 quam
927 3245 1057 3304 formam
1079 3243 1220 3303 ficticium
1246 3264 1348 3305 omnes

170 3334 292 3410 linguae
306 3336 418 3394 latinae
432 3337 556 3411 regulae
571 3339 778 3410 aspernantur.
812 3335 913 3394 Etiam
927 3334 1025 3410 magis
1040 3334 1259 3408 repudiandum
1273 3336 1348 3394 illud

170 3441 256 3496 quom
279 3441 305 3501 c;
334 3425 445 3484 etenim
469 3443 483 3483 e
505 3425 654 3502 particula
676 3445 736 3485 nou
759 3424 964 3501 postponitur,
988 3423 1040 3482 sed
1061 3423 1257 3498 praeponitur
1280 3425 1349 3484 voci

171 3511 209 3571 ad
224 3531 315 3588 quam
329 3513 486 3572 referenda
500 3518 554 3588 est,
573 3516 658 3574 velut
673 3514 820 3591 equidem,
840 3518 964 3587 ecastor,
984 3513 1102 3589 edepol,
1122 3516 1232 3591 eccere,
1251 3507 1279 3571 ‘e
1295 3532 1348 3572 nos

170 3597 292 3662 iuvate'.
339 3603 445 3679 Neque
469 3603 576 3662 melius
600 3607 647 3663 est
670 3604 796 3662 Zanderi
820 3610 942 3679 queme,
966 3602 1046 3677 quod
1069 3601 1120 3658 ille
1144 3602 1347 3661 -horribile

171 3690 252 3750 dictu
272 3710 370 3750 ——ex
390 3685 527 3766 ‘qaosme'
548 3695 648 3752 ortum
667 3712 732 3752 esse
752 3692 831 3754 vult!
870 3690 929 3751 Sed
948 3677 1061 3766 optimo
1080 3690 1145 3748 iure
1165 3690 1347 3750 Umbrorum
1457 3755 1461 3762 ,

170 3779 350 3854 particulam
363 3782 469 3840 attulit
488 3782 612 3858 Jordan,
632 3782 744 3840 scilicet
763 3781 890 3840 similem
910 3780 998 3838 huius
1017 3779 1145 3839 formam
1165 3778 1294 3839 Scaurus
1317 3781 1348 3837 in

171 3869 302 3928 carmine
325 3871 437 3947 legisse
461 3872 592 3948 videtur,
622 3871 741 3930 illorum
770 3874 871 3929 autem
894 3871 1008 3930 formae
1032 3861 1147 3942 ‘porcae'
1171 3870 1266 3927 latina
1295 3871 1349 3927 aut

171 3951 327 4030 ‘quoru-de'
343 3963 396 4018 aut
413 3949 568 4032 ‘querare'
583 3961 789 4034 responderet3
808 3978 938 4036 namque
952 3958 1115 4033 quaeritur,
1136 3961 1237 4016 utrum
1251 3975 1350 4031 porcae

171 4046 369 4122 compositum
384 4048 425 4107 sit
439 4069 474 4107 ex
485 4042 574 4122 ‘pom’
589 4042 708 4131 (quom)
723 4069 791 4109 cum
806 4041 864 4108 ‘de'
878 4068 917 4107 an
932 4067 1000 4107 cum
1010 4040 1083 4123 ‘ae'3
1098 4047 1172 4104 illud
1189 4046 1349 4106 voluerunt

174 4136 383 4196 Umbricarum
406 4138 601 4212 reliquiarum
623 4138 818 4215 interpretes,
844 4139 1021 4215 quibuscum
1043 4136 1116 4195 facit
1140 4136 1233 4194 etiam
1251 4135 1348 4213 Brug-

170 4245 262 4286 mann
280 4224 434 4294 „Graecia
453 4227 480 4285 d.
501 4229 586 4300 verul.
603 4226 755 4287 Grammf‘
775 4229 799 4285 I
809 4245 841 4300 p.
857 4229 929 4294 373,
948 4227 1004 4285 hoc
1023 4225 1096 4283 mihi
1114 4224 1210 4283 multo
1228 4224 1349 4284 videtur

171 4315 235 4374 veri
256 4315 381 4376 similius
402 4333 466 4374 esse
486 4316 604 4374 collatis
616 4335 731 4390 parrae,
746 4319 858 4390 postia,
872 4320 989 4389 postne,
1008 4330 1115 4387 perce,
1136 4313 1349 4394 sapaucUm-

225 4424 306 4476 samu.
322 4425 335 4464 r.
351 4425 419 4464 aaa.
434 4423 516 4463 cntra.
545 4423 624 4474 Suppl.
638 4425 679 4464 ns.
695 4425 758 4464 xxr.
1101 4417 1135 4466 ‘22
1243 4458 1248 4466 ..
1277 4399 1304 4446 ‘-
