3132 4858
502 103 660 160 carminum
681 102 830 160 Saliarium
849 103 996 172 reliquiae.
1271 101 1335 166 335

164 279 270 338 quue.
303 274 443 335 Ceterum
461 275 537 334 bano
557 274 594 332 ob
613 293 677 332 rem
695 274 855 350 intelliges,
875 293 934 349 qna
950 273 985 331 de
1001 291 1091 332 cause
1108 273 1165 333 hoc
1183 272 1334 349 fragmen-

165 371 231 426 tum
245 365 357 424 lanulis
377 365 566 438 carminibus,
586 383 645 424 non
658 363 782 424 carmini
802 363 891 422 alicui
909 363 940 422 in
955 361 1054 422 Solem
1067 362 1230 438 composito
1250 362 1335 421 attri-

164 451 256 515 buere
277 455 377 514 malni.

255 573 287 639 3.
311 578 545 638 Potissimum
565 577 755 636 meliosum
774 595 902 635 recum.

253 678 450 732 Testimon:
468 675 556 730 Varro
566 675 601 730 de
611 677 629 731 l.
639 676 657 731 l.
667 674 716 728 Vll
728 681 761 729 26
771 675 922 746 [6662]-
939 676 995 729 ‘vel
1004 692 1050 743 po.
1061 674 1207 730 meliosum
1218 674 1337 728 recum'.

167 747 266 804 Festus
285 768 313 818 p.
330 754 382 801 244
398 750 484 816 (abab
505 749 553 816 ‘pa
570 763 621 816 pro
640 750 721 815 parte
741 749 769 801 et
787 763 824 815 po
842 762 893 815 pro
907 747 1085 814 potissimum
1103 746 1227 816 positum
1247 747 1336 800 estin

167 819 268 876 Saliari
288 817 431 875 carmine'.

238 890 310 945 Var.
330 890 419 944 lect:
448 906 482 944 ue
505 891 554 943 net
577 888 714 958 pomelios
743 905 806 942 enm
829 904 922 942 recum
948 887 985 955 11¹3
1012 887 1164 957 promelios
1187 903 1217 942 es
1241 903 1336 942 recum

167 962 278 1016 Jordau
299 963 345 1027 (=
364 962 488 1032 optimc),
510 959 627 1015 meliose
646 960 686 1012 im
705 976 799 1013 recum
819 960 909 1012 Horret
928 961 974 1024 (=
991 961 1124 1014 meliorem
1143 976 1202 1013 eum
1220 962 1338 1027 regum),

167 1051 200 1087 ecc
214 1037 348 1089 anteriore
366 1037 519 1102 fragmento
533 1047 608 1086 voces
628 1030 747 1084 ‘duonus
761 1029 856 1084 lanus'
876 1031 929 1085 buc
943 1031 1049 1084 rettulit
1062 1032 1237 1098 scripsitque:
1257 1030 1336 1083 ‘duo-

166 1121 218 1158 nns
232 1105 314 1158 Ianus
334 1105 438 1172 auctet,
457 1120 493 1172 po
512 1106 557 1171 (=
572 1105 636 1172 quc)
656 1100 802 1156 meliosem
820 1103 925 1156 recum'
945 1102 1046 1171 Berglr,
1065 1101 1217 1170 promelios
1236 1101 1335 1155 deveni

165 1191 259 1230 recum
272 1175 408 1231 ‘Bo'tbreue
430 1175 476 1242 (=
494 1176 632 1229 mouimus
659 1174 832 1228 docrinarum
856 1175 1036 1240 coelestium),
1065 1173 1158 1227 veneis
1182 1173 1335 1240 promerios

166 1264 262 1316 prome
283 1248 344 1301 dius
363 1263 446 1300 enum
464 1245 584 1300 reconde
607 1245 727 1311 Zauder,
746 1247 794 1314 qui
810 1250 904 1314 posteo
922 1244 1052 1299 reeumde
1067 1245 1209 1314 praetulit.

254 1342 445 1403 Comment.
493 1341 630 1418 Syllabas
662 1343 694 1399 in
727 1341 871 1400 Varronis
904 1341 1003 1400 codice
1036 1335 1178 1400 ‘leucae
1209 1345 1257 1399 uei
1281 1334 1337 1414 po'

166 1433 254 1507 plane
274 1432 415 1491 obscuras
436 1451 471 1490 ex
489 1433 533 1490 ecl
551 1435 603 1490 aut
621 1449 654 1490 uc
672 1432 716 1490 uel
734 1432 888 1506 corruptas
909 1448 973 1490 esse
992 1430 1117 1506 conicio,
1140 1431 1184 1488 ita
1208 1433 1242 1488 ut
1263 1431 1336 1488 baec

87 1561 92 1570 ·
166 1521 258 1580 verba
278 1504 383 1580 verro*
398 1521 481 1583 velut
506 1522 633 1580 alterurn
653 1520 820 1595 exemplum
840 1539 856 1578 e
876 1519 1057 1579 carminibus
1077 1518 1243 1578 Saliaribus
1261 1519 1336 1593 peti-

166 1612 231 1668 tum
254 1610 348 1686 priori
372 1610 471 1671 addat.
508 1610 624 1668 Deinde
646 1629 701 1686 pro
724 1611 775 1668 illo
794 1627 835 1683 po
859 1610 971 1685 optime
993 1608 1079 1667 nobis
1103 1608 1227 1668 offertur
1248 1607 1336 1666 testis

167 1699 249 1759 Festi
268 1699 320 1760 ille
339 1701 434 1776 locus,
458 1698 536 1776 quod
560 1699 621 1758 iam
639 1698 741 1774 Bergk
760 1701 847 1757 acute
866 1698 1051 1774 observavit3
1075 1700 1205 1757 ceterum
1218 1715 1260 1772 po
1277 1716 1337 1756 non

166 1789 258 1848 locuti
277 1793 347 1848 sunt
366 1789 454 1863 Salii,
473 1790 524 1848 sed
544 1789 601 1846 hoc
620 1788 765 1862 scriptum
782 1788 814 1845 in
832 1787 961 1846 editione
981 1787 1082 1862 aliqua
1099 1787 1214 1846 invenit
1232 1785 1337 1845 Aelius

167 1894 222 1951 pro
242 1895 313 1936 voce
333 1869 544 1951 ‘potissiuuu'.
589 1877 633 1935 Ac
657 1895 725 1934 cum
744 1875 839 1934 Varro
862 1879 985 1952 propter
1007 1895 1049 1934 -s-
1072 1875 1253 1935 intervocale
1276 1893 1335 1933 ser-

165 1967 267 2022 vatum
290 1965 347 2025 hoo
365 1966 566 2042 fragmentum
592 1965 776 2041 laudaverit,
799 1984 853 2040 pro
873 1959 988 2024 ‘melios
1014 1959 1093 2023 euru'
1117 1983 1203 2024 casus
1228 1963 1335 2040 aliquis

167 2053 371 2133 restituendus
391 2055 463 2126 erit,
486 2074 573 2129 quem
597 2055 770 2129 genetivum
790 2073 855 2114 esse
874 2073 911 2113 ex
930 2055 1065 2129 sequenti
1083 2071 1181 2112 recuru
1200 2053 1336 2112 efficitur.

168 2143 277 2202 Rerum
296 2161 350 2218 pro
368 2161 468 2217 regum
486 2145 607 2203 vetusto
626 2162 708 2202 more
733 2144 878 2218 scriptum
898 2161 962 2202 esse
987 2148 1017 2202 et
1039 2142 1116 2202 miro
1142 2142 1242 2217 aliquo
1266 2159 1336 2201 casu

167 2232 258 2291 etiam
277 2233 315 2291 ad
330 2231 475 2291 Varronis
491 2232 654 2292 carminum
670 2236 840 2291 contextum
857 2232 980 2291 durasse
999 2251 1085 2291 nemo
1101 2235 1148 2291 est
1167 2231 1238 2309 quin
1253 2231 1335 2291 sciat.

166 2352 207 2362 -
224 2322 279 2380 His
294 2325 396 2382 autem
409 2321 508 2382 verbis
523 2321 629 2380 Ianum
645 2321 741 2380 Salios
761 2323 904 2380 allocutos
920 2340 985 2380 esse
1000 2324 1170 2396 comparato
1187 2322 1250 2380 fr.1
1268 2339 1335 2380 oon·

168 2402 238 2485 stat,
257 2412 308 2471 sod
327 2410 407 2488 quod
426 2405 568 2471 ‘meliores
585 2404 676 2486 reges'
696 2411 743 2470 dei
762 2411 908 2470 nominati
928 2412 1006 2485 sunt,
1025 2429 1086 2470 non
1102 2411 1199 2470 solum
1218 2410 1255 2468 ad
1270 2429 1337 2469 con-

166 2498 266 2557 cilium
281 2500 358 2559 illud
373 2501 505 2560 omnium
519 2501 693 2560 caelestium
713 2501 867 2576 alluditur,
886 2500 936 2559 sed
958 2501 1046 2558 etiam
1066 2501 1143 2558 duae
1161 2499 1337 2558 tribuuntur

166 2587 211 2646 dis
230 2588 368 2667 virtutes,
388 2590 439 2665 qui
459 2594 489 2649 et
502 2609 588 2668 reges
603 2592 803 2649 humanarum
822 2589 938 2666 seilicet
950 2608 1050 2647 rerum
1066 2589 1218 2663 totiusque
1232 2587 1336 2646 mundi

166 2678 356 2757 appellantur
367 2681 397 2737 et
406 2679 476 2738 boni
492 2678 510 2737 i.
522 2699 545 2737 o.
559 2681 648 2740 vacui
663 2679 772 2739 avitiis
783 2679 879 2754 magis
889 2690 980 2754 quarn
994 2678 1128 2737 homines
1138 2677 1337 2737 celebrantur.

253 2794 308 2863 4²³.
331 2794 537 2884 Ianituos.¹)

254 2901 450 2957 Testimon:
475 2903 563 2957 Varro
587 2902 621 2956 de
645 2902 662 2956 l.
684 2901 702 2958 l.
721 2900 774 2956 Vll
793 2905 826 2954 26
850 2902 929 2972 [cide
947 2903 984 2957 ud
1001 2903 1036 2969 fr.
1052 2907 1072 2957 2
1091 2907 1117 2956 et
1135 2904 1167 2968 3,
1186 2905 1249 2969 poet
1267 2916 1336 2969 quoe

163 2974 284 3040 spatium
298 2990 413 3028 uacuum
427 2979 706 3043 quattuorcereuuu,
725 2979 784 3028 tum
800 2980 928 3029 securatur
941 2973 1050 3044 hoece]
1071 2971 1246 3040 ‘Foedesum
1260 2972 1336 3025 fede-

164 3059 225 3094 rum
235 3043 286 3112 [=
295 3045 331 3110 fr,
343 3045 387 3115 7],
395 3046 526 3114 plurima,
535 3045 657 3113 plurima
666 3045 718 3116 [=
727 3046 763 3114 fr.
775 3046 840 3117 26],
850 3044 1003 3114 meliosem,
1013 3043 1155 3098 meliorem
1168 3043 1219 3113 [=
1227 3043 1263 3110 fr.
1271 3043 1336 3112 27],

165 3130 285 3180 asenam,
305 3131 417 3170 arenam
436 3117 488 3186 [=
502 3118 539 3183 fr.
554 3117 620 3186 20],
638 3115 752 3184 ianitos,
770 3115 895 3172 ianitor’.
1422 3127 1423 3130 ’

253 3201 327 3258 Ver.
342 3204 432 3274 lect:
453 3204 587 3275 ianituos]
601 3205 704 3259 ianitos
716 3204 752 3272 F,
765 3205 807 3259 itu
816 3207 873 3274 ipae
884 3204 973 3259 Varro
988 3205 1060 3272 legit,
1074 3204 1146 3272 quod
1156 3203 1262 3257 correxi
1276 3203 1337 3256 cide

167 3289 269 3342 comm,
288 3273 384 3328 ianeus
398 3275 583 3330 cout'Hcoet.
598 3306 632 3314 -
647 3276 688 3329 Et
705 3277 755 3329 lcoc
773 3281 798 3329 et
815 3291 884 3344 quoe
901 3276 982 3341 infru
998 3279 1064 3330 suut
1080 3275 1235 3343 fragmento
1253 3277 1281 3340 7,
1290 3277 1338 3341 26,

164 3347 211 3410 26,
226 3348 265 3398 27
284 3361 297 3398 e
315 3347 484 3400 ceruicibus
499 3345 656 3400 Saliaribus
675 3347 801 3400 laudasse
819 3346 968 3401 Varroueru
986 3346 1160 3401 coueeutc'uut
1177 3347 1233 3400 cut
1247 3345 1336 3410 decti;

165 3430 330 3484 quamquam
352 3418 423 3471 caim
444 3419 532 3472 multo
555 3418 651 3472 uacat
673 3419 706 3471 tu
728 3418 817 3472 codiee
841 3417 872 3471 F
890 3417 1037 3487 Varronis,
1064 3419 1136 3473 iuter
1159 3433 1228 3486 quae
1254 3417 1335 3471 etium

165 3485 279 3541 alterius
297 3489 418 3542 auctoris
436 3489 532 3543 libri-cc
550 3505 646 3544 uomeu
669 3490 792 3544 cecidere
809 3491 932 3560 potuisse
956 3505 1032 3545 ueuo
1050 3495 1088 3544 est
1110 3489 1179 3558 quia
1196 3489 1334 3555 coacedet,

164 3563 254 3612 tamea
272 3559 343 3613 duce
361 3560 459 3612 laurum
476 3560 629 3630 glossarum
647 3565 742 3615 autaut
759 3577 863 3630 quoque
880 3561 957 3630 apud
977 3560 1089 3615 Festum
1109 3563 1275 3630 (frogmcutu
1293 3565 1333 3614 26

165 3635 190 3681 et
202 3632 262 3698 27),
281 3636 307 3685 et
320 3631 408 3684 ultera
421 3631 529 3699 quidem
543 3633 599 3686 loco
611 3648 638 3700 p.
651 3635 707 3686 244
717 3635 806 3700 (205),
824 3649 877 3702 quo
895 3648 951 3687 uou
964 3633 1020 3686 uisi
1034 3633 1115 3685 uerbo
1129 3631 1255 3685 Soricaria
1273 3645 1335 3684 cou-

164 3701 248 3756 tiuerc‘
265 3702 493 3757 verisimillimum
512 3707 557 3756 eet.

255 3797 448 3859 Comment.
483 3798 549 3858 Vox
567 3791 695 3858 ‘uatus
714 3800 778 3856 iure
797 3798 967 3858 offensionis
986 3816 1089 3856 ansam
1109 3798 1190 3857 dedit
1203 3797 1334 3874 Havete,

165 3903 292 3962 namque
307 3907 373 3946 cnnn
389 3888 485 3948 Varro
500 3890 577 3948 hano
591 3906 692 3949 vocem
706 3887 818 3963 laudet,
833 3889 868 3946 ut
882 3906 900 3945 a
913 3885 1047 3962 pristinis
1062 3887 1203 3946 Romanis
1219 3907 1232 3947 s
1249 3907 1304 3964 pro
1319 3908 1334 3946 r

164 3974 196 4031 in
206 3975 308 4034 multis
324 3979 421 4037 verbis
436 3978 529 4038 fuisse
543 3979 735 4054 demonstret,
749 3979 850 4036 tamen
862 3977 968 4036 borum
981 3977 1014 4034 in
1028 3975 1162 4035 ordinem
1175 3976 1334 4035 ianitorem

164 4082 224 4123 non
247 4064 352 4124 cadere
376 4070 493 4127 certum
511 4069 570 4145 est,
594 4069 703 4145 quippe
722 4067 774 4143 qui
792 4085 954 4142 numquam
979 4083 1006 4144 s,
1030 4083 1181 4142 semperr
1203 4066 1272 4124 inde
1295 4066 1333 4125 ab

254 4219 281 4287 1)
301 4217 407 4283 Quibus
431 4220 580 4274 asteriscus
604 4219 748 4290 appositus
772 4220 816 4272 est
839 4217 1000 4288 fragmenta
1021 4236 1036 4273 e
1056 4216 1224 4272 carminibus
1243 4214 1332 4272 Salia-

164 4287 240 4344 ribus
260 4307 320 4346 esse
340 4292 454 4360 sumpta
472 4307 505 4345 ex
524 4291 594 4361 ipsis
613 4287 783 4347 testimoniis
801 4307 858 4345 non
877 4291 994 4346 constat.
1017 4303 1024 4316 ·
