3132 4858
231 117 295 183 326
670 115 700 168 Β.
715 112 961 168 Maurenbrecher:

231 287 293 348 turi
316 305 423 346 nomen
447 303 466 342 a
484 283 618 342 Varrone
641 282 787 341 traditum
806 284 865 357 est,
890 282 941 358 qui
962 299 1141 358 quamquam
1160 301 1271 344 novare
1293 283 1405 343 formas

234 376 364 452 adamat,
385 377 487 433 tamen
500 373 565 448 ipse
580 371 654 430 alias
670 371 814 448 pristinae
823 371 942 430 litterae
957 388 970 430 s
985 371 1081 430 multa
1095 391 1111 429 e
1123 371 1289 432 Saliaribus
1304 373 1407 432 carmi-

232 466 319 525 nibus
334 463 460 540 protulit
474 462 618 539 exempla,
632 479 724 536 quare
739 480 808 519 eum
825 460 989 519 innomine
1003 460 1123 537 proprio
1137 461 1193 522 hcc
1203 480 1328 522 novasse
1343 463 1407 522 veri

236 572 307 614 sane
327 552 471 612 dissimile
490 551 563 610 mihi
583 549 703 627 quidem
717 549 849 627 videtum
867 550 940 608 item
956 549 1062 609 Verrio
1082 570 1140 611 non
1159 551 1246 611 modo
1266 555 1409 611 nouerat

237 661 327 703 causa
340 641 477 701 mutandi
495 641 520 700 ei
539 640 617 700 forte
631 631 867 716 ‘promeneruat’
882 639 1049 715 antiquitus
1063 639 1209 698 traditum
1225 643 1297 722 erat,
1316 640 1407 700 immo

233 733 284 793 vix
301 731 414 807 potuit,
439 730 549 806 quippe
568 730 628 806 qui,
648 747 714 786 curn
734 729 859 789 verbum
877 730 964 804 plane
983 728 1157 803 interiisset,
1176 729 1323 790 noviciam
1343 729 1407 789 0100

235 823 362 881 formam
385 818 504 878 omnino
528 837 587 878 non
610 820 725 895 nosset;
756 818 802 877 sin
825 817 861 876 de
884 817 1020 876 Minerva
1043 818 1098 876 dea
1121 819 1298 896 cogitasset,
1325 812 1408 894 ‘pro-

235 901 399 970 minervat'
419 907 596 984 scripsisset.
634 907 740 982 Itaque
767 909 797 966 et
816 905 934 966 Veturii
954 925 1116 983 cognomen
1137 907 1286 967 Mamurio
1310 911 1407 983 poste·
1466 942 1467 946 =
1551 933 1552 936 ¹

237 999 315 1059 riore
335 999 454 1057 demum
470 998 569 1056 aetate
589 997 693 1055 datum
708 998 738 1055 et
753 988 987 1073 ‘promeneruat’
1006 1015 1022 1054 e
1036 996 1166 1055 carmine
1180 997 1281 1074 aliquo
1296 998 1410 1056 iuniore

158 1141 161 1148 .
239 1089 393 1163 sumptum
413 1104 477 1146 esse
503 1085 744 1145 existimaverim.
786 1085 828 1144 At
847 1103 860 1142 s
879 1084 1061 1145 intervocale
1085 1086 1203 1162 quando
1226 1087 1257 1143 in
1275 1106 1291 1144 r
1313 1089 1409 1145 trans-

237 1177 315 1253 ierit,
334 1177 397 1235 fere
417 1175 538 1234 scimus:
558 1173 651 1251 Appii
669 1175 748 1232 enim
764 1172 882 1232 Claudii
898 1172 984 1234 Caeci
1004 1177 1103 1233 aetate
1122 1176 1250 1250 primum
1267 1175 1298 1233 in
1316 1175 1410 1233 nomi-

237 1267 325 1326 nibus
349 1265 479 1341 propriis
508 1283 523 1320 r
551 1282 604 1339 pro
632 1281 645 1322 s
674 1263 815 1338 scriptum
842 1267 900 1339 est,
927 1263 1011 1322 velut
1037 1263 1174 1338 Papirius
1202 1281 1256 1339 pro
1280 1261 1408 1340 Papisio,

237 1357 345 1431 quarto
369 1354 464 1430 igitur
488 1371 514 1411 a.
533 1351 601 1412 Chr.
620 1371 648 1411 n.
674 1353 791 1412 saeculo
816 1370 905 1411 sonus
931 1352 995 1426 ipse
1025 1355 1160 1412 mutatus
1184 1371 1249 1411 csse
1277 1351 1410 1428 videtur,

239 1444 341 1519 itaque
367 1447 485 1517 tempus
514 1460 572 1517 quo
597 1441 659 1500 fere
684 1443 750 1499 orta
773 1441 834 1500 sint
856 1440 973 1500 iuniore
996 1442 1167 1518 fragmenta
1194 1441 1411 1518 quodammodo

234 1534 434 1592 constitutum
453 1532 508 1590 est.
546 1530 660 1589 Deinde
680 1530 852 1590 coniunctos
877 1530 967 1589 etiam
992 1548 1097 1589 sonos
1123 1549 1172 1588 sm
1195 1531 1361 1605 reperimus
1379 1529 1411 1587 in

235 1621 335 1681 verbis
354 1612 483 1679 ‘cosmis'
504 1620 540 1679 fr.
557 1621 585 1697 2,
605 1622 636 1678 et
652 1611 776 1693 ‘pesnis'
795 1618 831 1678 fr.
849 1621 899 1695 22,
919 1639 985 1678 cum
1004 1618 1108 1696 postea
1128 1618 1236 1678 extrito
1255 1619 1308 1678 1110
1329 1638 1343 1678 0
1361 1638 1412 1679 00-

236 1710 307 1770 00110
322 1709 468 1784 producta
483 1708 538 1786 sit;
552 1709 582 1766 in
597 1708 680 1767 tertii
696 1712 797 1767 autern
812 1726 837 1766 a.
850 1705 918 1766 Chr.
928 1728 955 1768 n.
973 1708 1083 1766 saeculi
1097 1707 1298 1767 monumentis
1315 1726 1329 1766 s
1344 1726 1412 1783 per-

235 1797 355 1875 mansit,
374 1798 458 1857 00101
476 1790 923 1870 “0001010’1)0001,’1010000000
942 1798 974 1855 in
992 1797 1130 1856 columna
1149 1800 1288 1869 rostrata,
1303 1790 1412 1856 ‘losna'

238 1889 270 1948 in
290 1888 410 1962 speculo
424 1887 628 1962 Praenestino,
647 1879 842 1945 ‘cosmittere’
858 1887 938 1962 apud
951 1886 1075 1944 Festum
1093 1906 1121 1961 p.
1137 1887 1178 1944 47
1195 1877 1276 1967 (67),
1295 1878 1412 1944 ‘dusino

238 1978 270 2036 in
288 1969 366 2036 locc'
386 1979 416 2034 et
431 1968 618 2034 ‘Casmenas'
634 1975 713 2050 apud
727 1974 853 2035 Livium.
886 1975 1042 2034 Noriciam
1057 1977 1158 2034 autem
1172 1975 1299 2034 formam
1316 1975 1354 2034 fr.
1371 1977 1411 2035 13

237 2067 370 2125 induisse
395 2055 560 2146 (pennatus
583 2055 849 2145 impennatasque)
880 2083 915 2123 ex
937 2065 990 2124 illo
1016 2083 1091 2123 -nn-
1113 2083 1167 2140 pro
1192 2084 1239 2139 sn,
1268 2065 1373 2124 deinde
1398 2084 1413 2122 0

243 2156 384 2231 negativo
403 2153 533 2230 praefixo
553 2153 606 2211 im·
624 2171 678 2228 pro
697 2172 756 2211 em·
776 2153 982 2230 intelligimus.

329 2244 491 2302 Praeterea
508 2241 568 2300 du·
586 2243 822 2319 pro-recentiore
836 2243 871 2302 b·
890 2243 1018 2320 legimus
1033 2244 1069 2302 fr.
1082 2243 1099 2300 2
1112 2235 1260 2320 ‘duonus',
1275 2243 1310 2302 ef.
1326 2235 1414 2300 tDue-

240 2326 337 2408 num',
354 2324 511 2391 ‘duoncro'
527 2331 559 2390 in
575 2331 671 2406 elogio
688 2330 843 2409 Scipionis,
859 2325 1031 2392 ‘Duelonai'
1045 2333 1076 2390 in
1091 2334 1213 2392 0000100
1228 2331 1363 2391 00000110
1379 2331 1415 2389 de

238 2421 483 2499 Bacchanalibus,
498 2423 529 2479 at
542 2421 603 2480 iam
617 2421 714 2479 medio
730 2421 822 2480 tertio
838 2422 954 2481 saeculo
970 2424 1052 2480 extat
1068 2413 1206 2480 ‘Belolai'
1221 2412 1301 2502 (CIL
1317 2419 1332 2477 I
1347 2414 1414 2499 44).

242 2511 389 2569 Suffixum
413 2509 675 2568 deminutivum
700 2510 779 2585 quod
798 2511 926 2585 posteris
945 2509 1003 2568 1011
1022 2511 1101 2569 -culc
1120 2511 1169 2569 uel
1189 2510 1250 2570 -ulo
1271 2509 1302 2568 in
1321 2508 1415 2568 Salia-

238 2600 321 2658 ribus
336 2598 516 2660 carminibus
532 2599 627 2658 caruit
641 2597 747 2672 vocali,
767 2599 802 2658 01.
818 2591 944 2676 ‘poploi'
960 2600 994 2658 ir.
1010 2602 1050 2658 19
1067 2618 1100 2659 00
1114 2592 1291 2675 ‘priviclcis'
1306 2600 1341 2658 fr.
1359 2600 1414 2676 253

240 2681 381 2765 ‘poltero'
400 2689 493 2748 1013
513 2717 558 2728 -
576 2687 603 2747 si
621 2686 741 2763 quidem
760 2691 840 2747 recte
859 2689 902 2748 ita
922 2689 1112 2749 emendatum
1128 2693 1175 2748 est
1197 2721 1234 2730 -
1256 2688 1414 2748 recentiori

240 2779 335 2837 aetati
352 2797 405 2852 per
423 2778 479 2834 -nl-
498 2776 687 2835 scribendum
702 2777 768 2836 1011.
801 2777 937 2854 Denique
956 2780 1079 2838 accentu
1093 2779 1124 2838 01
1143 2779 1253 2837 elisas
1270 2778 1415 2836 vocales

241 2866 383 2926 exhibent
401 2865 437 2924 fr.
456 2867 472 2923 1
496 2855 611 2946 (cante)
631 2867 662 2924 01
681 2865 717 2924 fr.
734 2867 776 2924 10
796 2858 904 2946 (agnas
922 2886 976 2941 pro
996 2860 1144 2946 ‘asinas').

328 2954 397 3013 Non
420 2954 507 3012 modo
531 2971 670 3012 sonorum
693 2959 815 3028 natura,
839 2956 890 3013 sed
915 2955 1178 3030 orthographia
1202 2973 1332 3031 quoquc,
1356 2974 1415 3030 qua

241 3044 352 3118 scripta
370 3041 502 3103 carmina
516 3041 630 3118 Aelius,
645 3041 780 3119 Verrius,
795 3042 891 3102 Varro
910 3042 1057 3120 legerunt,
1073 3046 1195 3103 0010010
1209 3043 1281 3120 1011;
1301 3065 1316 3102 0
1334 3045 1415 3104 litte-

241 3152 306 3192 ram
325 3133 357 3191 in
375 3131 556 3192 carminibus
576 3131 702 3207 reperiri
719 3133 849 3190 testatur
867 3131 972 3191 Velius
991 3133 1127 3210 Longus,
1151 3133 1235 3193 cuius
1254 3135 1297 3192 rei
1317 3153 1412 3193 erein-

241 3222 325 3298 plum
349 3221 435 3281 adest
457 3220 533 3279 illud
553 3215 594 3281 ‘0
615 3214 683 3279 Zol'
702 3220 737 3280 fr.
759 3222 791 3296 23
816 3223 846 3279 et
869 3222 941 3280 haec
966 3223 1087 3299 quidem
1112 3219 1160 3282 res
1183 3223 1265 3281 ultra
1283 3221 1414 3298 Appium

242 3311 399 3370 Claudium
419 3311 584 3369 carminum
604 3312 734 3368 aetatem
753 3309 894 3386 remittit,
920 3311 1025 3370 deinde
1045 3330 1087 3385 ec,
1108 3312 1188 3388 quod
1207 3304 1336 3372 ‘recum'
1356 3316 1414 3371 tra·

243 3399 340 3458 ditum
360 3399 460 3458 0011.
481 3400 498 3457 3
523 3390 617 3480 (apud
636 3389 830 3479 Varronem),
856 3399 987 3460 defuisse
1007 3399 1094 3459 Saliis
1113 3421 1133 3477 g
1153 3401 1285 3460 litteram
1306 3402 1419 3460 scilicet

245 3488 343 3547 medic
373 3489 491 3546 demum
516 3487 633 3546 saeculo
660 3487 750 3546 tertio
783 3488 938 3548 inventam
968 3490 1142 3550 concludere
1170 3491 1253 3567 licet3
1285 3491 1416 3548 nondum

243 3577 410 3654 geminatas
429 3593 493 3635 esse
513 3578 709 3635 consonantes
726 3575 758 3633 in
777 3577 957 3636 carminibus
977 3597 1012 3637 ex
1030 3578 1066 3638 fr.
1083 3582 1124 3640 32
1141 3573 1247 3658 ‘polet’
1267 3577 1417 3653 discimus

243 3665 405 3742 geminatio
425 3683 497 3724 vero
517 3665 601 3724 brevi
620 3667 690 3724 ante
705 3665 833 3724 Ennium
847 3667 978 3742 primum
997 3673 1143 3745 usurpata
1163 3665 1417 3727 (101οΕ001000-

244 3758 333 3814 nente
352 3753 493 3814 Romanis
512 3772 576 3813 mos
596 3754 693 3813 factus
713 3756 767 3814 est.

333 3843 441 3902 Restat
459 3846 494 3901 ut
513 3862 548 3902 ea
571 3862 647 3919 quae
671 3843 706 3902 in
730 3844 928 3905 formandis
948 3846 1098 3905 vocibus
1123 3844 1202 3904 etin
1221 3844 1419 3905 declinatione

248 3931 401 3991 nominum
416 3931 634 4010 verborumque
650 3933 814 4009 singularia
828 3934 941 3994 habent
955 3934 1086 3993 carmina
1101 3932 1226 3992 Saliaria
1241 3953 1418 3995 enumerem.

245 4053 285 4062 *
301 4021 346 4080 Ac
361 4021 466 4080 suffixo
482 4021 573 4082 -ivius
592 4021 755 4098 figuratum
772 4007 1006 4083 est⁰‘sonivium'
1021 4024 1057 4081 fr.
1074 4024 1123 4097 16,
1143 4043 1269 4100 quocum
1284 4024 1418 4085 00010000

246 4110 411 4171 Clusiuium
438 4115 467 4170 et
486 4109 659 4172 Consivium
678 4109 743 4168 Iani
766 4111 814 4169 dei
839 4111 1025 4188 cognomina3
1051 4112 1189 4171 suffixum
1214 4132 1336 4173 -nmnus
1363 4131 1418 4188 pro

243 4198 400 4275 participio
415 4203 495 4259 certo
512 4199 681 4258 habendum
696 4190 910 4280 (='-dpevoc)
926 4201 1067 4260 exhibent
1076 4201 1226 4262 Volumna
1241 4195 1317 4282 (0100
1328 4200 1416 4259 Volu-

244 4284 348 4368 mina),
366 4288 489 4348 Iunonis
510 4288 639 4347 Lucinae
659 4305 835 4364 cognomen,
854 4289 926 4349 105
948 4291 979 4348 01
998 4283 1174 4368 ‘pilumnoe’
1192 4293 1228 4351 fr.
1246 4293 1300 4362 193
1325 4289 1415 4348 demi-
