3132 4858
211 177 275 242 318
645 176 675 230 B.
695 175 939 231 Maureubrocher:

210 347 367 420 rensibus,
390 365 449 406 nou
473 363 539 404 esse
562 344 687 404 tortium
710 345 876 420 ceterisque
893 344 1032 420 ignotum
1050 345 1223 406 auctoribus
1243 345 1377 407 sacerdo-

210 437 299 514 tium,
324 455 395 512 ergo
419 453 484 494 esse
506 435 627 494 eosdem
645 451 679 493 sc
697 433 853 494 Palatinos
872 433 979 493 Salios.
1015 434 1120 511 Neque
1138 454 1209 496 uero
1228 435 1297 494 talis
1317 455 1379 496 seu-

211 525 307 585 tentia
326 526 488 585 abhorrere
506 523 625 585 videtur
645 524 744 584 sveri
764 523 874 598 specie:
894 523 1005 584 etenim
1023 523 1153 584 Martem
1171 525 1264 585 fuisse
1283 525 1380 602 deum,

211 634 300 691 quem
325 613 474 690 imprimis
500 613 631 674 Palatini
659 612 733 672 Salii
761 615 977 672 venerarentur
1003 613 1221 689 laudarentque
1249 617 1380 691 constat,

213 704 311 764 Pavor
329 708 432 763 autem
450 703 589 763 Pallorue
608 701 680 780 qnid
699 705 772 761 suut
790 701 873 760 aliud
891 702 950 761 nisi
963 702 1069 762 Martis
1089 703 1212 763 comites
1234 732 1270 744 -
1292 704 1380 763 modo

212 793 340 852 Martem
357 792 430 852 belli
447 791 536 852 deum
555 790 704 867 acceperis
726 822 763 833 -
784 791 981 867 notioresque
999 810 1014 849 e
1029 791 1192 853 virtutibus
1207 792 1297 852 Marti
1310 811 1378 868 pro-

210 882 285 960 priis
304 881 494 942 abstractae?
513 913 554 924 -
574 881 681 958 Itaque
700 884 735 941 ut
754 900 901 940 summam
919 881 1036 955 faciam,
1055 880 1113 939 duo
1132 881 1256 940 fuerunt
1268 882 1380 941 Romae

211 972 401 1032 sacerdotum
420 970 569 1031 Saliorum
593 989 705 1047 genera
725 963 911 1046 templaque,
934 972 1064 1029 alterum
1082 970 1113 1029 in
1132 970 1283 1044 Palatino,
1308 970 1382 1030 alte-

209 1081 277 1120 rum
300 1061 330 1120 in
350 1059 499 1129 Quirinali
522 1062 636 1136 monte,
659 1059 705 1118 illi
723 1059 850 1118 Romani
867 1059 1029 1136 Latinique
1051 1059 1187 1134 fuerunt,
1212 1061 1266 1120 hos
1290 1079 1308 1119 a
1328 1059 1379 1119 Sa-

210 1151 298 1210 bellis
317 1149 451 1210 oonditos
470 1168 535 1209 esse
551 1148 787 1224 Sabinorumque
807 1148 877 1208 deos
892 1149 953 1207 ritu
968 1147 1076 1208 Sabino
1092 1148 1220 1208 coluisse
1236 1151 1266 1208 et
1280 1167 1333 1224 per
1349 1167 1379 1207 se

210 1237 1380 1316 putandumestetcomprobaturnomineeorumnonlatino,quoSabellorum

210 1349 293 1389 more
318 1328 442 1405 agonias
468 1347 552 1390 sacra
577 1346 645 1402 sua,
671 1327 812 1405 Agonum
835 1329 980 1401 montem,
1010 1328 1091 1402 ipsos
1114 1328 1288 1403 Agonenses
1315 1345 1380 1386 sese

210 1418 410 1496 appellabant
458 1419 569 1478 Postea
597 1436 669 1478 vero
701 1417 764 1478 sive
792 1417 851 1476 alio
879 1417 967 1477 modo
996 1417 1058 1477 sive
1087 1417 1273 1496 ευνοικιεμῷ
1301 1416 1380 1476 facto

210 1508 307 1586 magis
334 1508 492 1585 magisque
521 1526 621 1569 secum
648 1507 838 1582 coaluerunt3
867 1506 971 1566 eodem
998 1506 1058 1564 ritu
1083 1507 1248 1582 saltabant,
1277 1505 1381 1566 eodem

208 1597 372 1675 canebant,
396 1597 492 1658 isdem
513 1598 576 1658 fere
599 1596 704 1656 diebus
728 1615 813 1656 sacra
836 1596 881 1655 dis
905 1595 1070 1673 faciebant,
1098 1595 1171 1672 quin
1194 1596 1277 1669 deos,
1306 1613 1381 1672 quos

210 1687 340 1746 alterum
357 1687 518 1763 collegium
536 1686 663 1746 coluisse
682 1686 793 1745 alteros
812 1685 892 1743 infra
910 1685 1120 1760 disputabitur,
1140 1684 1260 1744 eosdem
1279 1703 1381 1744 omnes

210 1776 466 1836 concrescentibus
482 1777 595 1836 Itomae
613 1775 797 1836 diversarum
815 1775 952 1850 gentium
970 1773 1047 1835 divis
1066 1773 1240 1844 adorabant
1274 1773 1382 1833 Mediis

209 1865 321 1924 liberae
345 1866 390 1924 rei
410 1866 547 1941 publicae
566 1864 752 1940 temporibus
772 1862 953 1923 Graecarum
972 1862 1151 1940 religionum
1170 1863 1301 1938 undique
1320 1862 1380 1922 Ro-

209 1974 289 2013 mam
308 1955 522 2014 incurrentium
540 1955 667 2030 impetui
684 1971 780 2030 neque
801 1952 898 2012 Salios
918 1952 1066 2012 restitisse
1085 1972 1121 2012 ex
1140 1951 1279 2011 Herculis
1298 1953 1382 2012 cultu

211 2043 340 2103 efficitur
358 2038 436 2123 (ride
453 2035 563 2125 iufrc);
582 2042 775 2120 imperatoria
793 2045 893 2101 aetate
912 2041 984 2119 quid
998 2042 1151 2102 valuerint
1163 2042 1310 2102 incertum
1325 2045 1380 2118 est,

209 2137 389 2211 quamquam
417 2134 612 2209 imperatores
640 2132 751 2192 favisse
778 2131 825 2190 his
850 2130 1058 2192 sacerdotibus
1076 2132 1217 2208 ipsosque
1241 2131 1382 2208 religiose

209 2223 307 2282 cultos
331 2223 369 2281 ab
388 2223 449 2283 illis
469 2241 533 2282 esse
552 2219 713 2281 verisimile
733 2225 787 2280 cst.
823 2221 925 2279 Etiam
945 2223 1071 2280 exeunte
1089 2224 1196 2296 quarto
1215 2241 1243 2296 p.
1264 2216 1333 2281 (thr.
1352 2241 1380 2279 n.

209 2312 330 2372 sacculo
353 2313 446 2372 luisse
465 2312 577 2374 Romae
597 2311 694 2370 Salios
713 2328 749 2369 ex
766 2310 960 2388 inscriptione
976 2309 1041 2370 CIL
1056 2309 1100 2369 VI
1116 2311 1200 2369 2158
1222 2310 1297 2369 bene
1316 2328 1382 2368 cou-

208 2401 298 2462 olusit
315 2402 500 2478 Marquardt.

298 2537 332 2604 2.
364 2544 415 2604 De
439 2542 659 2603 carminibus
683 2541 888 2601 Saliaribus
911 2540 1132 2601 testimonia.

297 2643 330 2733 a)
350 2650 632 2712 Testimouiade
651 2650 872 2710 carminibus
890 2668 908 2708 a
923 2648 1011 2708 Saliis
1027 2649 1155 2709 cantatis
1171 2653 1201 2709 et
1216 2650 1257 2708 de
1271 2649 1384 2708 Numa

209 2743 358 2801 auctore
377 2759 492 2800 eorum:

298 2838 402 2899 Livius
416 2838 432 2897 I
447 2840 498 2912 20,
513 2840 534 2898 4
552 2828 696 2919 (Numa):
725 2830 839 2896 ‘Salios
863 2837 937 2896 item
960 2836 1113 2895 duodecim
1137 2835 1228 2894 Marti
1252 2833 1382 2895 Gradiuo

212 2927 307 3004 legit.
322 2972 330 2988 .
344 2971 352 2986 .
364 2947 418 3004 per
436 2927 542 2986 urbem
561 2927 606 2985 ire
625 2929 765 2986 canentes
784 2945 850 2984 cum
869 2925 1010 3001 tripudiis
1030 2923 1228 2999 sollemnique
1248 2917 1382 2984 saltatu?

298 3024 385 3087 Ouid.
405 3026 486 3085 Fusa
499 3023 575 3084 VIIl
591 3026 654 3084 387
676 3017 727 3104 (de
746 3025 775 3082 N
778 3015 873 3105 uma):

377 3126 455 3192 ‘Iam
474 3133 598 3192 dederat
617 3130 706 3191 Sabis
725 3150 744 3190 a
763 3131 843 3190 saltu
861 3130 983 3190 nomina
1000 3128 1088 3201 dicta,

422 3221 574 3298 Armaque
593 3223 625 3280 et
643 3222 681 3280 ad
701 3223 798 3280 certos
816 3220 909 3279 verba
928 3218 1060 3279 canenda
1077 3210 1202 3277 modos?

298 3326 357 3388 (lic.
378 3330 413 3388 de
433 3348 475 3390 or.
494 3329 541 3386 ΙΙΙ
563 3331 640 3389 197ε
673 3322 822 3397 ‘Quorum
852 3321 905 3408 (sc.
932 3345 1124 3386 numerorum
1147 3328 1238 3400 atque
1261 3316 1383 3405 vocum)

209 3419 262 3477 illa
285 3438 401 3478 summa
426 3418 471 3478 vis
495 3418 676 3476 carminibus
701 3421 748 3476 est
771 3419 870 3492 aptior
893 3420 923 3476 et
946 3416 1098 3491 cantibus,
1121 3433 1181 3474 non
1204 3416 1341 3491 neglecta
1365 3432 1384 3472 a

209 3509 309 3568 Numa
323 3526 395 3585 rege
410 3506 581 3566 doctissimo
596 3506 820 3584 maioribusque
834 3505 953 3582 nostris,
973 3508 1008 3565 ut
1018 3505 1177 3580 ¹epularum
1193 3504 1382 3564 sollemnium

210 3597 281 3657 fides
303 3616 337 3657 ao
357 3597 449 3657 tibiae
469 3595 679 3672 Saliorumque
697 3615 804 3656 uersus
822 3589 975 3656 indicant?

297 3695 402 3755 Horat.
422 3695 508 3772 epist.
523 3695 554 3754 II
570 3697 597 3770 1,
613 3697 668 3756 86:

371 3795 451 3861 ‘Iam
471 3801 585 3862 Saliare
605 3801 723 3862 Numae
741 3820 862 3861 carmen
880 3801 932 3878 qui
950 3800 1056 3859 laudat
1074 3801 1105 3858 et
1123 3796 1221 3872 illud,

369 3891 454 3962 Quod
472 3909 589 3950 mecum
607 3891 736 3970 ignorat,
756 3892 836 3951 solus
855 3892 918 3950 volt
938 3889 1013 3950 scire
1032 3879 1152 3948 videri'

301 3998 423 4070 Quintil.
438 3997 453 4056 I
469 4000 520 4077 10,
532 4000 586 4059 20:
607 3992 682 4058 ‘scd
701 4001 838 4058 ueterum
853 4016 971 4076 quoque
984 3995 1186 4056 Romanorum
1201 3993 1298 4071 epulis
1312 3993 1385 4054 fides

210 4109 244 4150 ao
269 4089 359 4150 tibias
382 4087 524 4148 adhibere
547 4088 639 4148 moris
662 4089 734 4165 fuit,
758 4106 862 4148 versus
885 4105 1003 4163 quoque
1022 4084 1172 4145 Saliorum
1191 4083 1304 4144 habent
1322 4101 1384 4142 car-

210 4198 287 4239 men.
324 4178 407 4249 Quae
425 4196 493 4237 oum
511 4177 612 4237 omnia
630 4178 692 4237 sint
710 4197 728 4237 a
745 4178 846 4236 Numa
863 4195 934 4254 rege
952 4167 1104 4234 iustituta'
1124 4175 1179 4235 etc.

299 4275 397 4337 Varro
416 4276 453 4335 de
471 4274 648 4336 1.1.v112:
674 4269 766 4335 ‘Aelii
789 4273 917 4335 bominis
938 4273 970 4332 in
988 4272 1085 4348 primo
1103 4271 1135 4330 in
1153 4269 1264 4330 litteris
1282 4268 1384 4328 latinis

211 4366 365 4429 exercitati
388 4365 668 4444 interpretationem
690 4365 855 4427 carminum
876 4362 1037 4424 Saliarium
1060 4361 1176 4423 videbis
1198 4362 1228 4418 et
1246 4358 1318 4418 exili
1336 4359 1383 4418 lit-
