3132 4858
483 33 506 76 Ο

210 153 275 216 342
474 109 477 116 ¹
646 152 675 204 B.
695 149 940 204 Maurenbrecher:

212 324 268 382 bus
292 321 385 380 libato
408 325 439 380 et
462 311 642 400 tripodato),
668 313 787 378 ‘annom
804 293 923 392 peracta
941 335 987 376 aso
1006 309 1100 376 deiic'
1119 309 1196 398 (tum
1215 337 1320 394 preces
1338 318 1382 376 ita

213 401 318 490 dicito)
341 409 469 485 aliaque.
504 408 559 468 Vis
583 409 677 484 igitur
700 408 785 467 verbi
808 407 893 466 Italis
916 407 1081 465 communis
1103 407 1222 465 nonnisi
1244 400 1385 466 ‘samum'

211 500 333 562 ridetur
356 498 461 572 fuisse,
485 516 574 575 quarn
593 497 685 556 Marsi
704 497 942 572 vetustioresque
962 495 1068 554 Umbri
1088 499 1262 573 tenuerunt,
1285 501 1385 572 poste-

213 589 306 648 riores
324 587 445 664 Iguvini
464 580 602 664 ‘preces',
628 605 704 662 quae
726 586 760 645 iu
778 604 862 646 sacro
884 585 1067 644 immolando
1086 585 1211 661 fiebant,
1230 585 1384 645 intellexe-

215 679 295 754 runt,
314 675 384 736 Osci
401 676 433 734 in
452 676 595 736 sacellum
609 676 794 754 templumve
808 677 978 750 mutarunt3
997 673 1099 732 Latini
1113 693 1184 734 vero
1197 675 1275 734 hauc
1289 675 1386 733 multo

214 764 439 842 angustioribus
466 764 576 824 finibus
605 765 916 843 circumscripserunt,
946 764 997 840 qui
1024 795 1067 803 —
1095 763 1254 824 dummodo
1279 763 1385 823 Aelius

213 858 293 915 recte
318 855 419 930 pescia
442 856 659 930 interpretatus
678 855 719 913 sit
742 885 784 894 —
808 853 919 929 capitia
940 853 1158 930 intellegebant
1179 853 1198 910 i.
1223 873 1248 912 e.
1271 857 1385 914 vestem

215 945 298 1004 illam
322 963 452 1021 sacram,
475 961 536 1020 qna
553 943 720 1002 Mamurius
739 943 862 1001 indutus
885 961 951 1002 esse
973 941 1140 1015 videbatur,
1166 942 1280 1017 quade
1298 962 1330 1000 re
1349 943 1386 1001 of.

215 1051 320 1093 comm.
345 1033 382 1092 ad
401 1033 439 1092 fr.
454 1035 482 1092 8.
502 1063 545 1074 —
565 1025 731 1092 ‘Perseum'
754 1033 792 1091 ab
811 1031 898 1091 Italis
922 1031 1035 1090 dictum
1058 1050 1123 1090 esse
1147 1032 1280 1107 udatur,
1309 1031 1388 1107 quod

215 1123 374 1182 servarunt
392 1125 422 1180 et
440 1122 533 1180 Marsi
553 1115 658 1198 ‘pesco'
678 1124 708 1179 st
726 1120 828 1179 Latini
846 1113 949 1194 ‘pesce'
967 1121 1138 1197 loquentem
1163 1121 1237 1178 item
1256 1121 1388 1180 deminu-

213 1212 276 1272 tive
296 1203 469 1284 ‘peractum'
488 1211 537 1269 vel
555 1201 716 1283 ‘perstant
733 1209 840 1268 Umbri
859 1209 1007 1286 dicebant,
1027 1203 1177 1282 ‘param’
1196 1208 1272 1270 Osci
1309 1208 1388 1269 Osca

215 1299 334 1377 quidem
355 1300 452 1359 forma
465 1299 642 1375 Brugmann
661 1290 841 1378 (cranaus
854 1300 882 1358 d.
896 1300 984 1372 aaut.
999 1297 1130 1358 Gromm.
1145 1299 1169 1356 1
1175 1319 1206 1373 p.
1218 1291 1296 1380 281)
1310 1318 1387 1358 oom-

216 1390 317 1448 motus
345 1389 471 1465 stirpem
500 1389 583 1448 verbi
604 1406 690 1462 pers-
720 1407 786 1448 esse
813 1388 947 1463 putavit,
975 1389 1053 1446 unde
1081 1388 1187 1448 suffixo
1212 1390 1265 1448 -do
1287 1389 1389 1448 addito

210 1477 335 1552 pestium
348 1477 502 1551 Oscorum,
521 1477 703 1536 Umbrorum
716 1479 864 1552 peractam
882 1479 982 1537 ortum
996 1480 1084 1536 esset.
1119 1476 1174 1536 Cui
1189 1477 1389 1555 etymologiae

218 1569 250 1626 et
268 1567 369 1628 Marsa
387 1586 444 1627 vox
464 1560 568 1641 tpesco'
587 1569 619 1626 et
637 1598 680 1608 —
700 1568 726 1626 si
743 1568 802 1625 huc
819 1567 950 1626 incidere
969 1584 1083 1624 mecum
1102 1567 1214 1626 iudices
1234 1599 1275 1607 -
1296 1564 1390 1626 latina

217 1649 338 1730 ‘pesas'
357 1656 491 1733 obstant,
510 1659 541 1714 et
559 1654 670 1715 Oscum
689 1656 815 1716 forsitan
835 1675 851 1722 e
871 1648 1027 1729 ‘prorsa—tlo'
1046 1659 1153 1714 ortum·
1165 1656 1212 1714 sit.

307 1805 386 1876 10⁹⁶.
423 1817 579 1875 Petilam
599 1835 726 1875 suram.
808 1810 817 1824 ⁹

307 1923 503 1978 Testimon:
522 1924 596 1979 Fest.
606 1928 693 1993 pau
704 1924 778 1991 (205)
799 1922 928 1992 ‘petilam
941 1938 1035 1976 euram
1049 1921 1152 1981 siccam
1168 1925 1197 1975 et
1210 1923 1390 1977 substrictam

218 1995 551 2065 vulgo⁰intcrpretantur.
589 1995 724 2050 Scaevola
742 1994 783 2048 ait
801 1995 936 2064 ungulam
955 1991 1048 2048 albam
1067 1994 1132 2062 equi
1150 1994 1192 2048 ita
1210 1994 1286 2050 disi?

310 2100 503 2163 Comment.
543 2099 826 2176 Interpretationem
853 2102 1010 2177 vulgatam
1034 2101 1116 2160 vocis
1133 2101 1242 2174 petitas
1264 2102 1391 2177 legimus

222 2191 255 2250 in
272 2190 369 2249 Nonio
384 2189 416 2248 Π
432 2211 461 2266 p.
478 2191 540 2250 149
556 2190 599 2247 M:
623 2183 775 2266 ‘petulum
799 2195 889 2248 tenue
913 2193 944 2248 et
966 2190 1050 2249 exile.
1088 2189 1223 2249 Lucilius
1241 2191 1292 2258 lib.
1306 2191 1393 2248 XXII

223 2279 372 2358 „Insignis
395 2279 476 2338 varis
500 2278 637 2338 cruribus
662 2281 693 2338 et
715 2276 844 2355 petilis“.
881 2278 1008 2337 Plautus
1027 2279 1128 2337 Plocio
1151 2298 1298 2354 „namque
1316 2281 1393 2339 colo-

219 2371 320 2430 ratum
338 2367 468 2427 frontem
486 2367 579 2428 habet
596 2368 723 2444 petilust
740 2361 882 2444 habrus“,
904 2367 1017 2443 petilus
1036 2368 1136 2426 tenuis
1156 2361 1248 2426 dicit’
1281 2367 1393 2428 Contra

224 2457 385 2517 Scaeuolae
404 2457 583 2516 sententiam
597 2457 815 2532 quodammodo
831 2457 977 2516 variatam
991 2457 1083 2516 habet
1100 2457 1234 2516 Isidorus
1249 2457 1323 2535 orig.
1333 2457 1392 2516 XII

221 2550 255 2621 1,
268 2547 323 2607 52:
343 2539 406 2620 ‘qui
425 2548 527 2604 autem
545 2546 630 2605 albos
644 2550 764 2606 tantum
777 2547 868 2622 pedes
882 2545 1004 2619 habent,
1022 2547 1108 2621 petili
1122 2547 1322 2623 appellantur,
1342 2548 1393 2624 qui

218 2635 351 2694 frontem
366 2634 466 2694 albam
481 2629 601 2694 callidi?
639 2636 768 2695 Petilam
787 2655 886 2695 suram
908 2654 973 2694 esse
987 2638 1118 2713 tenuem,
1136 2654 1271 2712 parvam,
1286 2636 1392 2694 exilem
1471 2637 1474 2642 '

220 2723 322 2783 Plauti
336 2723 504 2800 Luciliique
520 2725 663 2800 exemplis
677 2744 695 2784 a
709 2725 806 2786 Nonio
821 2725 920 2784 allatis
935 2723 1116 2802 affirmatum
1134 2724 1277 2785 Scaevola
1291 2727 1392 2783 autem
1505 2773 1510 2780 .

219 2813 365 2892 ungulam
379 2813 479 2872 albam
494 2815 564 2890 equi
577 2815 787 2893 interpretans,
802 2815 873 2873 dum
884 2816 964 2873 recte
979 2814 1052 2872 haec
1066 2814 1208 2872 statuerit
1218 2845 1254 2852 -
1269 2814 1300 2871 et
1313 2832 1390 2872 com-

222 2902 368 2978 probatur
382 2901 446 2961 eius
462 2903 612 2962 sententia
626 2923 684 2963 usu
698 2903 787 2979 vocis,
803 2922 891 2979 quem
905 2902 1039 2962 Isidorus
1054 2905 1184 2960 testatur
1193 2933 1236 2941 —
1252 2921 1287 2960 ex
1302 2903 1392 2961 huius

218 2990 383 3067 fragmenti
407 2991 506 3050 verbis
533 2993 708 3052 concludere
728 3011 763 3051 ea
781 2993 908 3068 nequiit,
932 2991 1078 3049 conclusit
1095 2989 1190 3068 igitur
1209 3010 1225 3049 e
1244 2993 1308 3050 toto
1327 3010 1392 3050 car-

218 3080 307 3139 minis
332 3081 422 3139 huius
446 3099 571 3158 conexu,
594 3082 697 3156 ltaque
718 3082 773 3139 hoc
795 3079 933 3140 carminis
957 3079 1022 3138 loco
1041 3080 1078 3138 de
1097 3078 1190 3155 petilo
1210 3071 1243 3160 (i.
1264 3100 1288 3139 e.
1308 3072 1393 3161 exili)

220 3170 349 3247 alboque
370 3169 438 3245 equi
457 3172 532 3245 pede
556 3190 653 3230 sermo
673 3172 747 3228 erat.
790 3169 835 3228 Ac
857 3169 884 3227 si
906 3169 1088 3245 quaerimus,
1111 3169 1221 3245 qua—in
1241 3169 1393 3229 occasione

219 3277 314 3335 equus
333 3258 419 3317 albus
439 3258 502 3319 sire
521 3260 582 3318 albi
602 3259 667 3318 eius
686 3278 801 3335 ungues
816 3258 1039 3318 commemorati
1054 3277 1072 3315 a
1086 3257 1176 3316 Saliis
1191 3258 1259 3329 sint,
1278 3259 1391 3318 factum

218 3347 249 3407 id
274 3366 340 3406 esse
362 3348 393 3405 in
421 3365 504 3407 sacro
527 3348 627 3423 aliquo
650 3347 715 3407 veri
738 3347 836 3406 simile
854 3350 915 3422 est3
938 3365 1030 3422 equos
1050 3365 1119 3406 vero
1137 3347 1307 3406 immolatos
1327 3365 1392 3406 esse

221 3436 272 3494 uni
290 3435 382 3494 Marti
406 3436 528 3512 scimus,
552 3437 587 3495 of.
608 3436 691 3495 Paul.
711 3457 739 3511 p.
755 3438 795 3496 57
817 3427 890 3516 (81)
916 3429 1033 3509 ‘Equus
1057 3434 1148 3493 Marti
1170 3435 1391 3510 immolabatur,

220 3524 299 3602 quod
322 3543 376 3599 per
399 3523 462 3582 ciris
487 3524 618 3600 effigiem
637 3525 757 3582 Troiani
780 3525 860 3598 capti
884 3527 955 3582 sunt
978 3524 1025 3582 vel
1049 3524 1128 3600 quod
1150 3542 1184 3582 eo
1203 3544 1312 3602 genere
1330 3525 1391 3582 ani-

220 3614 308 3672 malis
336 3612 416 3672 Mars
444 3614 586 3673 delectari
612 3606 790 3689 putaretur'
818 3616 849 3671 et
874 3613 954 3672 Fest.
977 3633 1005 3687 p.
1026 3615 1089 3672 194
1108 3603 1217 3694 (178):
1246 3607 1391 3688 ‘October

222 3721 315 3778 equus
341 3702 526 3780 appellatur,
554 3703 604 3778 qui
630 3703 661 3761 in
685 3709 790 3778 campo
813 3702 922 3761 Martio
948 3720 1050 3761 mense
1071 3700 1195 3760 Octobri
1218 3701 1392 3761 immolatur

221 3792 381 3868 quotannis
396 3791 497 3868 Marti,
515 3792 654 3867 bigarum
669 3791 838 3853 victricium
856 3790 1013 3850 dexterior.
1044 3789 1138 3858 Quem
1152 3789 1268 3860 Hostiae
1282 3784 1392 3871 <loco>

221 3880 344 3958 quidam
362 3880 454 3940 Marti
472 3881 579 3940 bellico
599 3881 654 3940 deo
674 3880 785 3940 sacrari
803 3880 918 3956 dicunt,
941 3899 1000 3938 non
1019 3879 1053 3936 ut
1071 3879 1181 3954 vulgus
1199 3881 1302 3958 putat,
1321 3881 1392 3958 quia

221 3971 305 4029 velut
329 3968 507 4045 supplicium
532 3971 568 4029 de
587 3989 622 4029 eo
637 3974 790 4045 sumatur,
816 3970 894 4044 quod
913 3967 1041 4027 Romani
1059 3965 1114 4026 Ilio
1135 3969 1208 4044 sunt
1224 3969 1344 4029 oriundi
1361 3971 1393 4029 et

222 4059 343 4117 Troiani
372 4058 416 4117 ita
444 4058 543 4137 effigie
568 4058 636 4135 equi
661 4058 722 4116 sint
743 4058 836 4131 capti:
864 4057 968 4116 multis
991 4057 1093 4114 autem
1116 4056 1258 4131 gentibus
1282 4077 1392 4135 equum

221 4147 386 4207 hostiarum
418 4165 543 4206 numero
576 4146 681 4205 haberi
711 4147 882 4205 testimonio
911 4149 981 4204 sunt
1007 4143 1248 4224 LacedaemoniI,
1282 4149 1333 4223 qui
1360 4148 1391 4205 in

221 4240 322 4295 monte
337 4236 473 4311 Taygeto
493 4255 601 4311 equum
619 4235 717 4294 ventis
736 4235 892 4294 immolant
907 4233 1077 4311 ibidemque
1092 4234 1221 4308 adolent,
1240 4238 1390 4294 uteorum

220 4324 294 4384 flatu
321 4324 394 4384 cinis
420 4323 484 4382 eius
509 4343 564 4400 per
588 4324 655 4384 finis
682 4343 771 4400 quam
795 4323 940 4384 latissime
964 4323 1129 4384 differatur.
1165 4324 1207 4382 Et
1225 4322 1390 4401 Sallentini,
