3132 4858
499 160 659 216 Garminum
678 159 827 216 Saliarium
845 161 990 231 reliquiae.
1272 161 1334 226 351

254 329 473 406 Fragmenta
495 329 636 389 incerta
659 321 742 412 (vide
760 351 788 406 p.
810 321 898 412 324).

257 439 285 497 1.
314 436 421 497 Glossa
446 436 593 497 Vaticana
616 428 705 519 (corp.
728 440 813 512 glosa.
837 437 892 496 IV
905 457 938 512 p.
957 440 1053 506 28,2
1080 439 1116 511 cf.
1138 438 1224 512 gloss.
1247 436 1336 513 Sanc.

165 527 210 584 ab:
221 526 244 583 Ι
248 526 276 584 V
286 545 319 599 p.
329 527 401 594 215,
420 521 476 605 20)
498 521 674 602 ‘oapidca
695 545 767 586 vasa
785 527 888 585 fictilia
908 520 1084 604 Saliorum',
1102 528 1137 586 of.
1156 526 1239 587 Paul.
1255 528 1336 587 Diae.

165 634 193 688 p.
214 616 255 673 33
276 609 362 695 (48):
387 609 496 691 ‘capia
524 615 622 690 poculi
640 633 747 693 genua,
771 616 883 675 dictum
905 635 923 673 a
942 611 1109 692 capiendo'‚
1132 615 1263 675 Nonium
1280 616 1336 674 XV

167 722 196 778 p.
217 705 295 762 547:
324 698 439 763 ‘Varro
463 705 499 762 de
523 706 588 765 rita
611 705 715 780 populi
738 705 870 763 Romani·
887 705 938 765 lib.
958 705 973 762 I
991 705 1100 782 „etiam
1127 723 1210 784 nuno¹
1229 707 1337 781 pocula

167 794 250 866 quae'
262 796 371 853 vocant
389 793 510 869 copulas
530 811 564 852 ac
582 787 736 868 capides“'
743 818 750 871 3
774 793 872 854 Varro
892 794 920 853 d.
934 795 953 854 l.
969 795 988 853 l.
1003 794 1031 851 V
1048 797 1123 853 121:
1143 789 1287 869 ‘Capidee
1307 798 1337 853 et

166 880 295 939 minores
315 882 438 956 capulae
457 900 475 940 a
495 882 645 957 capiendo,
658 883 743 958 ‘qnod
762 886 893 956 euectae,
914 887 948 942 ut
965 883 1072 960 prendi
1090 884 1224 958 possent·
1240 884 1270 941 id
1289 886 1336 942 est

167 969 242 1044 capi.
287 970 400 1028 Harum
429 970 542 1048 figurae
572 971 603 1029 in
631 972 711 1031 vasis
742 973 837 1030 eacrie
862 973 976 1048 ligneae
1005 976 1037 1030 et
1063 972 1169 1031 fictiles
1198 972 1336 1048 antiquas

165 1057 335 1118 etiamnunc
354 1052 512 1120 videmns’.

77 1205 88 1218 ,
253 1158 327 1212 Var.
347 1158 439 1213 lect:
459 1157 587 1229 capides]
611 1159 729 1212 cardena
749 1158 781 1225 V,
804 1159 905 1212 caudes
924 1159 960 1226 S,
978 1175 1052 1224 corr.
1066 1160 1155 1214 dee.
1175 1191 1208 1199 -
1227 1159 1337 1229 fictilia]

165 1230 206 1282 cic
224 1228 254 1297 S,
271 1229 367 1284 fictiia
386 1228 418 1283 V.
438 1261 472 1270 —
492 1227 644 1300 Saliorum]
668 1229 701 1296 V,
720 1246 770 1284 om.
790 1229 819 1283 S.

255 1345 284 1401 2.
308 1343 404 1402 Varro
419 1344 456 1401 de
475 1344 494 1402 1.
510 1345 530 1401 l.
544 1343 587 1401 VI
609 1345 664 1401 14:
685 1337 732 1401 ‘In
749 1343 835 1402 libris
851 1343 1009 1418 Saliorum,
1029 1364 1156 1420 quorum
1175 1363 1337 1420 cognomen

166 1432 371 1506 Agoneneium
394 1435 454 1507 est,
477 1432 603 1491 forsitan
628 1433 675 1490 hio
699 1432 762 1490 dies
787 1426 840 1512 (sc.
858 1429 1056 1512 liberalium)
1079 1434 1147 1493 idco
1166 1436 1336 1510 appellatur

164 1521 264 1595 potius
284 1514 433 1596 agonia?

255 1647 285 1705 3.
305 1644 416 1703 Festus
427 1665 454 1721 p.
465 1637 646 1726 370(270):
662 1633 914 1705 ‘redaniruare
929 1647 1037 1706 dicitur
1050 1647 1082 1705 in
1092 1646 1240 1706 Saliorum
1256 1647 1337 1706 exul·
1419 1721 1428 1736 ·

165 1733 344 1809 talionibuS,
363 1753 431 1793 cum
449 1736 571 1810 praesul
591 1735 789 1812 ampiruavit,
811 1736 888 1810 quod
909 1739 956 1795 eet
973 1729 1090 1796 ‘motus
1109 1730 1227 1814 edidit,
1247 1736 1274 1794 ei
1293 1747 1337 1794 1·e-·

164 1822 300 1882 feruntur
318 1822 444 1882 invicem
462 1824 541 1882 idem
560 1818 681 1884 motua'
1294 1833 1301 1848 ’

254 1951 283 2010 4.
311 1949 418 2008 Festus
436 1969 465 2024 p.
488 1949 527 2008 25
549 1939 636 2029 (35):
657 1942 915 2024 ‘Bellicrepam
936 1949 1171 2009 saltationem
1190 1948 1335 2024 dicebant,

165 2037 283 2114 quando
311 2056 378 2096 cum
402 2038 493 2097 armis
517 2039 683 2113 saltabant,
711 2038 790 2113 quod
815 2058 833 2097 a
861 2038 987 2102 Romulo
1015 2039 1187 2098 institutum
1210 2040 1270 2115 est,
1297 2056 1335 2096 ne

164 2127 260 2185 simile
288 2128 454 2202 pateretur,
483 2128 564 2204 quod
595 2128 708 2186 fecerat
739 2127 817 2205 ipse,
840 2147 908 2186 cum
936 2146 955 2185 a
977 2129 1056 2187 lndie
1080 2127 1258 2187 Sabinorum
1277 2126 1335 2185 vir-

144 2200 247 2292 ⁰gines
267 2210 389 2291 rapuit?

376 2645 482 2714 Index
508 2647 687 2717 verborum
717 2646 903 2732 carminum
931 2643 1122 2713 Saliarium.

47 2848 50 2852 -
167 2811 244 2876 Quae
258 2813 372 2868 stellula
386 2813 507 2883 insignia
522 2817 588 2869 aunt
600 2817 694 2884 verba,
710 2833 743 2870 ea
757 2812 868 2868 nonnisi
877 2829 927 2882 per
936 2813 1124 2892 coniecturam
1135 2829 1218 2882 supra
1231 2809 1337 2881 scripta

598 2903 657 2941 esee
678 2886 895 2940 animadvertas.

165 2991 325 3046 adoriae*
344 2992 484 3062 (aderitis)
503 2993 536 3048 fr.
552 2999 576 3048 2.
779 2995 840 3048 deo
863 2994 931 3063 (dat.
951 2993 1033 3062 sing.)
1051 2991 1084 3045 fr.
1101 2997 1129 3059 1,
1153 2990 1228 3044 dei*
1252 2992 1335 3060 (nom.

164 3079 272 3131 agnae
288 3066 333 3130 (ex
349 3064 467 3117 ‘acinus'
478 3091 511 3110 =
522 3065 625 3135 apicas)
637 3066 669 3119 fr.
682 3072 722 3132 13,
813 3065 898 3134 plur.)
921 3063 954 3119 fr.
975 3071 1004 3132 6,
1033 3063 1067 3116 cf.
1090 3062 1221 3116 Varronis
1244 3062 1335 3116 locum

200 3133 234 3187 cf.
255 3133 345 3189 ‘ebria
362 3134 444 3188 acina
458 3135 631 3190 ebrioeiorie'
648 3139 723 3206 apud
813 3137 850 3189 ad
869 3137 901 3189 fr.
918 3142 931 3189 1
953 3139 990 3204 (p.
1007 3135 1069 3203 331)
1088 3134 1241 3188 laudatum.

199 3204 339 3259 Catullum
358 3222 380 3260 c.
396 3211 439 3274 27,
453 3211 479 3262 4.
778 3206 889 3261 divom
909 3208 983 3276 (gen.
1002 3206 1085 3276 plur.)
1103 3203 1136 3258 fr.
1153 3209 1177 3260 1.

163 3277 288 3346 agonia
306 3275 338 3330 fr.
353 3274 436 3331 inat
452 3279 477 3345 (e
492 3278 723 3335 labruscarum
778 3280 908 3332 duonue
936 3277 1047 3346 (bonne)
1079 3276 1111 3329 fr.
1138 3284 1151 3328 1
1180 3273 1239 3340 bie3
1272 3275 1336 3328 vide

199 3347 412 3418 Ancorarium),
423 3347 471 3402 'de
495 3350 667 3421 etymologia
688 3351 722 3408 cf.
813 3349 898 3404 etiam
917 3349 1057 3404 meliorem.

127 3515 131 3523 ·
164 3488 318 3544 Albanus
338 3492 386 3560 (ac.
406 3495 497 3560 mone)
516 3491 548 3547 fr.
567 3499 607 3549 18.
681 3495 686 3503 '
777 3491 951 3547 foederum
972 3490 1138 3560 (foederum)
1156 3489 1187 3543 fr.
1204 3494 1227 3543 7.

165 3579 301 3616 asenam
322 3563 458 3632 (arenam)
477 3563 509 3618 fr.
525 3570 567 3620 20.

778 3634 869 3688 Ianie
889 3633 1007 3703 (lanius)
1026 3632 1058 3686 fr.
1075 3636 1099 3693 2.

777 3705 879 3759 Ianne
897 3705 930 3759 fr.
946 3712 970 3758 2.
1251 3747 1259 3762 .

523 3840 527 3847 Ι
777 3774 950 3830 ianituoe*
968 3775 1000 3830 fr.
1016 3780 1034 3828 4
1052 3777 1097 3843 (=
1112 3773 1234 3843 ianitor).

165 3848 264 3900 cante
283 3848 398 3918 (canite)
416 3848 448 3901 fr.
466 3854 488 3901 1.
776 3847 995 3917 impennatae
1014 3844 1047 3899 fr.
1065 3852 1105 3900 13.

166 3916 327 3986 capides*
345 3918 379 3974 fr.
397 3920 451 3974 inc.
469 3926 491 3973 1.
777 3918 1005 3972 ineiciafr.14
1024 3921 1068 3985 (τι
1085 3934 1149 3972 caro
1168 3920 1279 3986 proeect
1298 3919 1316 3984 ).

165 4004 262 4041 cerne
281 3988 314 4042 fr.
329 3996 345 4042 2
361 3994 390 4043 et
405 3995 446 4043 12.
478 3989 519 4043 De
539 3989 677 4058 scriptura
695 3992 724 4044 et

201 4059 405 4130 significatione
429 4062 549 4116 nominis
566 4062 630 4115 vide
649 4077 721 4116 com·
777 4059 967 4115 Lonoeeie*
995 4060 1127 4130 (buceri,
1160 4076 1219 4114 voc.
1247 4055 1334 4127 iing.)

201 4129 368 4185 monterium
388 4131 423 4185 ad
443 4133 475 4185 ir.
492 4136 533 4199 12,
552 4152 578 4202 p.
594 4138 692 4202 343eq.
811 4133 844 4186 sn.
860 4138 889 4200 6,
911 4132 987 4187 Iovis
1007 4147 1175 4200 cognomen,
1203 4131 1237 4182 de
1257 4129 1334 4183 cuiue

165 4200 311 4257 coemie*
339 4203 449 4273 (comis)
477 4201 510 4258 fr.
526 4207 555 4272 2,
581 4205 615 4258 cf.
640 4202 722 4259 iuecr.
813 4205 951 4272 scriptura
969 4202 1026 4258 vid.
1046 4204 1081 4256 ad
1100 4203 1132 4256 fr.
1148 4207 1164 4255 6
1183 4220 1210 4270 p.
1225 4207 1285 4256 333.

200 4276 291 4329 Dueni
318 4273 346 4328 in
372 4273 534 4329 Schneideri
557 4275 722 4331 collectione
776 4274 881 4328 Lucia
908 4273 1078 4328 Volumna
1108 4273 1141 4327 fr.
1166 4276 1182 4324 ὁ
1210 4271 1334 4341 (Iunonie

200 4364 240 4401 nr.
259 4354 298 4401 19.
811 4345 935 4400 Lucinae
953 4347 1073 4414 nomen).

164 3668 392 3739 belliorepam
411 3669 444 3723 fr.
464 3669 516 3724 ino.
533 3675 557 3724 4.

165 3741 269 3814 bonna
289 3740 354 3795 vide
373 3743 489 3796 dnonas.
