3132 4858
224 158 289 222 346
310 137 319 155 ⁹
656 161 685 213 Β.
706 159 968 214 Maurenbreoher:·

228 313 255 389 ρ’.
272 325 323 373 422
334 322 420 390 (297);
442 319 638 400 “<Βοηὶ>νὶηω
656 318 828 392 tripu<dium
846 319 951 374 dictum
967 321 1007 374 ait
1021 317 1174 416 Claudius>
1188 316 1307 371 Pulcher
1321 317 1396 384 quod

225 375 310 464 <cani
330 391 403 445 solet
421 409 484 445 cum
503 390 632 464 evcr>dit
650 391 712 458 puls
731 391 982 517 quadrSupedihus
1005 388 1147 462 pullisve>
1165 411 1173 456 3
1197 390 1314 444 lucanus
1331 405 1393 456 sup-

219 464 308 531 plevi,
331 463 485 531 tripudium
510 465 542 517 ut
565 464 613 516 ait
629 461 738 532 Appius
761 480 850 530 supp.
872 462 900 518 0.
918 463 948 516 0.
966 464 1084 528 Mollior,
1108 462 1204 516 danda
1226 461 1297 515 idem
1320 460 1395 527 quod

223 535 303 588 sonet
325 551 388 587 eum
410 535 488 603 pullo
513 532 631 600 excidit3
651 566 683 573 —
704 534 767 602 plus
786 533 826 601 F,
856 533 919 602 puls
944 551 1013 588 corr.
1038 535 1170 597 Uscanam
1197 533 1232 600 cf.
1254 538 1396 602 praeterea

224 604 300 659 Serv.
320 606 356 658 ad
375 608 444 660 Aen.
459 605 485 659 V
499 611 548 660 90:
569 604 746 676 ‘Tripudium
767 605 913 672 sonivium,
933 603 963 661 id
983 609 1025 660 est
1045 623 1062 659 a
1081 604 1170 659 sono!

316 738 552 816 Fragmenta,
571 735 662 814 quae
682 739 722 796 ad
744 739 841 797 locos
861 757 983 797 sacros
1003 741 1182 813 spectant:

316 837 372 904 17.
411 844 493 904 Serv.
517 836 625 924 (schol.
649 836 740 925 Dan.)
768 845 806 904 ad
832 845 1062 928 sanuses:
1091 838 1249 913 ‘Quamvis
1274 842 1395 918 quidam
1436 867 1443 880 ·

156 941 160 958 ¹
221 934 375 1009 pontifices
395 939 515 1008 apoatc
532 935 660 1013 sublicio,
679 937 729 1008 qut
741 937 861 1009 primas
881 933 964 994 Tibri
982 937 1133 1008 impositus
1151 937 1200 1000 est,
1224 932 1392 1006 appellatos

223 1025 357 1099 tradunt,
377 1024 454 1082 siout
473 1022 622 1082 Saliorum
641 1024 773 1083 carmina
792 1017 953 1084 locuntur?

313 1111 504 1171 Oomment.
542 1113 642 1188 ipsam
661 1115 737 1171 hanc
757 1132 846 1188 quam
866 1113 1026 1172 scholiasta
1044 1112 1162 1187 profert
1180 1109 1396 1187 etymologiam
1423 1159 1426 1162 Α

223 1203 254 1259 in
278 1201 459 1260 carminibus
486 1201 651 1261 Saliaribus
675 1202 785 1260 dictam
810 1221 875 1260 esse
898 1202 1020 1260 minime
1048 1200 1128 1260 credi
1152 1203 1265 1273 potest,
1294 1199 1396 1274 itaque

223 1291 316 1348 verba
335 1284 436 1348 ‘sicuti
455 1289 603 1350 Saliorum
618 1292 750 1349 carmina
768 1283 920 1350 locuntur'
939 1290 1096 1348 referenda
1110 1291 1199 1348 erunt
1217 1286 1256 1346 ad
1274 1290 1394 1363 pontem

225 1379 383 1438 sublicium
402 1379 530 1455 primum
546 1379 658 1438 Romae
678 1380 761 1437 Tibri
779 1379 966 1456 impositum:
986 1380 1060 1438 nihil
1078 1379 1136 1437 nisi
1159 1378 1259 1454 pontis
1280 1375 1397 1434 sublicii

227 1487 335 1527 nomen
353 1469 383 1526 in
403 1468 585 1527 carminibus
603 1469 698 1528 fuisse
713 1471 743 1527 et
757 1470 795 1527 ad
814 1471 869 1528 hoc
889 1470 1067 1527 scholiastae
1081 1468 1174 1528 verba
1194 1469 1328 1542 spectare
1347 1460 1396 1523 ne'·
1429 1487 1432 1490 ·

224 1558 368 1632 gavamm,
388 1557 527 1632 quoniam
547 1558 636 1617 huius
651 1557 779 1617 nominis
799 1558 967 1633 explicandi
982 1576 1072 1616 eausa
1090 1557 1226 1632 profecto
1244 1574 1304 1613 non
1324 1573 1398 1629 opus

224 1651 289 1705 erat
308 1646 404 1704 Salios
429 1665 587 1708 arcessere.
611 1678 647 1688 -
669 1647 769 1722 Atque
787 1647 819 1706 in
837 1651 929 1723 ponte
948 1647 1073 1706 sublicio
1081 1638 1106 1722 l)
1126 1663 1243 1704 sacrum
1263 1643 1398 1702 saltatio-

225 1755 332 1794 nemve
356 1737 437 1794 faeta
461 1755 526 1795 esse
550 1755 568 1794 a
587 1735 676 1795 Saliis
702 1737 905 1796 sacerdotibus
927 1736 1063 1812 sequitur
1085 1754 1101 1794 e
1121 1734 1239 1793 Catullo
1263 1752 1286 1792 c.
1308 1734 1357 1804 17,
1379 1733 1397 1789 5

460 1820 526 1884 ‘sic
544 1825 600 1883 tibi
619 1826 714 1885 bonus
734 1845 769 1883 ex
787 1829 841 1884 tua
859 1844 933 1900 pons
951 1824 1076 1898 libidine
1095 1822 1160 1895 fiat,

186 1987 193 2002 .
459 1915 495 1973 In
515 1933 574 1995 quo
594 1915 642 1974 vel
662 1913 832 1974 Salisubsili
856 1932 941 1974 sacra
960 1906 1182 1988 suscipiantur?

170 1997 176 2006 ’
224 2003 349 2063 Collatis
373 2005 491 2079 quidem
516 2005 606 2062 rebus
632 2003 671 2062 ad
693 2003 730 2063 fr.
755 2005 774 2062 8
799 2004 945 2062 enarratis
969 2003 1065 2077 possis
1089 2001 1220 2079 cogitare
1250 1999 1285 2056 de
1310 1997 1398 2056 Anna

223 2094 358 2152 Perenna
371 2093 402 2151 in
416 2095 526 2151 flumen
541 2093 669 2169 deiecta;
684 2092 733 2152 vel
747 2093 825 2151 forte
839 2092 1039 2162 reminiscaris
1055 2089 1318 2173 sexagenariorum
1332 2087 1397 2145 illo-

225 2202 291 2240 rum
311 2185 348 2240 de
366 2185 456 2258 ponte
476 2182 673 2240 deiectorum:
693 2200 769 2257 quae
788 2184 890 2241 tamen
908 2182 1007 2240 minus
1022 2181 1105 2239 certa
1122 2198 1187 2238 esse
1205 2177 1353 2235 videntur.

315 2299 371 2368 18.
408 2306 572 2365 Albanus
596 2307 788 2366 tintinnat.

314 2402 512 2458 Testimon:
532 2404 640 2458 Nonius
654 2404 667 2456 Ι
682 2423 710 2472 p.
725 2409 772 2458 40:
794 2402 952 2458 ‘tintinnire
971 2402 1075 2457 dicitur
1094 2417 1193 2455 sonare
1208 2441 1250 2454 ...
1265 2396 1398 2468 Nigidius

222 2475 271 2529 lib.
287 2474 380 2528 XVllI
399 2475 512 2544 „itaque
531 2477 606 2530 recte
625 2474 654 2529 in
670 2473 826 2529 Saliaribus
842 2473 980 2529 ‘Albanos
998 2473 1157 2539 tintinnat’‚
1176 2471 1205 2524 id
1220 2471 1263 2524 est
1277 2467 1396 2524 sonat“.’

312 2546 386 2601 Ver.
407 2546 499 2602 leot:
518 2547 606 2618 reete]
628 2548 742 2615 careni,
762 2563 796 2600 ex
815 2563 845 2599 re
864 2547 949 2613 codd,
970 2562 1003 2599 ex
1018 2561 1081 2598 aere
1096 2545 1194 2598 Aldus.
1211 2572 1242 2581 —
1258 2539 1397 2610 Albanus]

224 2619 342 2672 adtanus
354 2618 440 2684 codd..
459 2634 527 2673 corr.
543 2619 665 2688 Lipsiae,
683 2617 794 2672 altanus
811 2619 902 2673 Aldus
919 2619 966 2686 (ec.
981 2618 1098 2684 ocutus),
1120 2616 1234 2669 attanus
1251 2611 1399 2675 Swoboda,·

225 2691 349 2745 lectiones
367 2695 392 2743 et
410 2690 532 2745 codicum
550 2696 575 2744 et
595 2689 724 2745 Munatii
741 2688 938 2758 Scnobodaeque
960 2689 1035 2742 omni
1058 2703 1150 2743 curere
1167 2701 1247 2740 scaea
1265 2685 1398 2738 caisano.

318 2785 508 2845 Commeat.
535 2785 696 2855 Quaeritur
715 2787 866 2844 Albanum
885 2789 1017 2845 montem
1036 2785 1173 2844 lacumne
1194 2797 1231 2841 an
1250 2781 1400 2840 hominem
1425 2809 1431 2820 ·

226 2876 375 2952 quendam
402 2875 623 2950 intelligamus3
653 2894 738 2934 mons
770 2875 890 2950 quidem
919 2874 1075 2933 tintinnire
1103 2873 1162 2930 dici
1189 2873 1303 2946 potest,
1331 2887 1398 2928 oum

226 2965 319 3023 feriae
337 2963 464 3022 Latinae
484 2965 579 3021 aliave
604 2981 690 3022 sacra
708 2964 740 3020 in
759 2982 793 3022 eo
812 2964 976 3037 habentur,
1002 2962 1085 3021 lacus
1111 2964 1199 3020 sonat
1216 2961 1315 3018 ventis
1334 2976 1399 3016 eon-

227 3055 348 3129 citatus,
379 3053 529 3111 hominem
562 3052 774 3110 tintinnantem
803 3055 857 3110 ant
879 3052 961 3127 loqui
994 3054 1047 3109 aut
1076 3054 1199 3109 'cantare
1217 3053 1286 3107 -aut
1316 3047 1399 3106 tubis

225 3142 369 3218 tibiisque
393 3161 499 3200 canere
521 3141 732 3214 intelligimus:
757 3141 809 3200 sed
832 3141 892 3199 iam
916 3144 1001 3215 patet
1024 3139 1131 3198 talium
1154 3157 1256 3196 rerum
1277 3137 1399 3195 nullam

225 3233 262 3290 ad
286 3231 383 3290 Salios
407 3232 598 3306 carminaque
622 3229 749 3289 Saliaria
772 3229 934 3307 quadrare,
961 3229 1018 3287 nisi
1043 3229 1068 3287 si
1092 3231 1225 3287 montem
1248 3224 1400 3284 Albanum

224 3324 278 3379 aut
301 3322 431 3378 clamore
450 3320 608 3378 hominum·
629 3320 805 3378 festivorum
825 3321 877 3378 aut
896 3323 988 3377 cantu
1013 3317 1140 3376 similive
1158 3315 1275 3373 ratione
1294 3314 1398 3373 tintin-

224 3411 382 3478 nantemi.
403 3427 427 3466 e.
448 3412 602 3466 sonantem
622 3409 866 3483 interpretamur.
898 3407 1038 3466 Ceterum
1057 3409 1158 3464 utrum
1178 3403 1252 3462 haec
1271 3422 1397 3463 comme-

226 3499 343 3556 morata
368 3498 440 3568 sint,
465 3495 517 3554 ubi
540 3496 682 3554 feriarum
708 3496 886 3555 Latinarum
909 3496 1021 3554 mentio
1046 3494 1151 3570 fiebat,
1174 3512 1212 3552 an
1236 3513 1303 3552 cum
1327 3492 1400 3550 Salii

228 3585 339 3645 Albani
358 3585 598 3663 appellabantur,
617 3584 775 3644 obscurum
793 3589 904 3644 manet.

269 3713 275 3723 “
313 3710 452 3769 Incerti
475 3709 682 3786 argumenti
705 3709 924 3786 fragmenta:

316 3809 373 3878 lo.
411 3814 603 3877 Pilumnoe
626 3818 765 3893 poploe.

316 3914 513 3970 Testimon:
533 3916 634 3970 Festus
647 3933 674 3984 p.
690 3919 743 3970 244
757 3917 845 3984 (205);
866 3914 1021 3968 ‘Pilumnoe
1041 3913 1144 3982 poploe
1163 3911 1193 3965 in
1212 3911 1335 3966 carmine
1351 3911 1400 3964 Sa-

226 3989 290 4043 liari
309 3985 430 4042 Romani
453 3987 531 4041 velut
549 3985 615 4056 pilis
634 3986 677 4040 uti
695 3984 818 4055 assueti,
842 3985 887 4040 vel
907 3986 974 4054 quia
991 3985 1142 4054 praecipue
1161 3982 1271 4054 pellant
1288 3981 1397 4037 hostis’

314 4084 506 4144 Gomment,
544 4085 697 4143 Piluvrmoe
714 4085 819 4158 poploe
842 4083 1016 4159 genetivum
1040 4098 1105 4142 esse
1129 4100 1244 4156 casum,
1266 4098 1326 4138 non
1348 4098 1400 4138 no-

225 4175 405 4234 minativum
417 4173 544 4249 pluralis
558 4172 655 4233 voluit
665 4171 792 4232 Corssen
802 4171 998 4246 Aussprocba
1013 4172 1197 4232 Volcalismus
1208 4189 1236 4230 a.
1247 4169 1401 4240 Berosaba

314 4345 341 4418 1)
359 4344 398 4400 of.
419 4343 505 4400 etiam
525 4345 711 4413 γεφυριεμοὺε
728 4340 946 4397 Eleusiniorum.
