3132 4858
486 222 490 228 ⁵
518 145 677 200 Carminum
697 144 847 200 Saliarium
864 146 1010 214 reliquiae.
1286 151 1350 214 343

178 316 257 392 apud
276 333 351 392 quos
366 313 526 374 Menzanae
545 314 610 374 Iovi
630 314 745 374 dicatus
764 315 848 375 viros
867 313 1009 376 conicitur
1023 318 1055 375 in
1069 318 1179 397 ignem,
1199 323 1229 378 et
1242 321 1349 396 Rhodi,

179 406 231 483 qui
254 403 413 483 quotannis
433 403 594 480 quadrigas
614 403 677 463 Soli
695 408 883 464 consecratas
901 406 932 465 iu
952 425 1034 465 mare
1052 407 1179 484 iaciunt,
1203 409 1281 485 quod
1301 411 1349 469 hic

178 495 234 554 tali
257 493 404 553 curriculo
427 493 523 552 fertur
542 493 723 554 circumvehi
741 487 906 553 mundum.'
942 493 1045 554 Addas
1065 496 1156 555 etiam
1176 496 1349 574 Germanos,

179 583 231 661 qui
241 584 397 642 Wuodano
413 583 468 640 deo
487 600 578 658 equos
592 583 802 642 immolabant:
816 583 1012 658 intelligimus
1027 583 1121 662 igitur
1134 587 1213 661 apud
1221 589 1350 664 populos

178 671 436 749 indegermcnicos
456 670 511 730 deo
531 671 601 731 solis
620 673 732 732 caelive
751 673 921 732 immolatos
942 691 1005 732 esse
1026 692 1126 749 equos.
1158 674 1222 734 Iam
1240 696 1350 752 equum

177 762 209 820 in
219 761 350 822 carmine
361 761 461 836 aliquo
472 758 581 820 Saliari
596 761 820 822 commemorari
835 781 902 821 cum
915 762 1066 822 videamus
1082 767 1112 822 et
1122 765 1349 824 reminiscamur

178 852 258 910 diem
279 853 328 910 19.
345 849 482 910 Octobris
501 850 560 909 fest
549 854 613 908 tum
632 849 780 909 Saliorum
799 852 891 911 fuisse
911 850 1074 910 armilust'
1037 855 1095 911 trio
1114 852 1250 913 faciendo
1259 847 1292 1002 1),
1312 855 1348 914 de

177 942 232 1001 hoc
261 939 308 999 die
336 941 450 1016 hocque
478 939 546 1014 equi
570 937 708 999 Octobris
735 939 879 1000 sacrificio
904 943 974 1000 nost
975 959 1008 999 ro
1030 941 1096 1000 loco
1120 941 1179 1000 dici
1203 943 1348 1004 existimo.

177 1030 218 1089 Et
241 1029 343 1088 album
368 1049 475 1106 equum
501 1028 613 1104 optime
633 1029 671 1087 ad
691 1028 778 1088 deum
799 1029 869 1088 solis
889 1029 1038 1088 lucentem
1056 1029 1196 1089 idoneum
1215 1051 1280 1092 esse
1298 1037 1349 1107 ap·

176 1122 270 1196 paret.
315 1119 424 1178 Potitus
452 1121 553 1177 autem
582 1110 672 1199 vox2)
696 1136 765 1177 cum
787 1119 848 1177 iam
872 1117 988 1195 pridem
1011 1119 1151 1194 periisset
1184 1123 1215 1179 et
1242 1140 1349 1197 equum

178 1209 253 1269 albis
278 1207 465 1284 anilibusque
489 1207 614 1282 pedibus
638 1206 808 1282 praeditum
833 1209 912 1282 apud
932 1207 1026 1267 Salios
1047 1209 1258 1288 significasset,
1281 1230 1350 1270 mox

176 1297 352 1373 posterioris
372 1296 438 1356 aevi
457 1296 600 1372 homines,
617 1297 702 1355 velut
716 1296 825 1356 Isidori
839 1297 916 1370 fons,
935 1316 1053 1355 omnem
1067 1309 1176 1406 equum
1195 1301 1247 1376 qui
1265 1299 1350 1358 albos

178 1386 268 1462 pedes
289 1386 413 1444 haberet
400 1388 482 1460 ttpe
469 1385 557 1442 tilum
576 1384 723 1444 dixerunt.

266 1527 459 1586 Carmina
451 1547 488 1585 1n
507 1525 701 1585 Saturnum
721 1546 759 1594 ac
779 1525 917 1586 Oerum:

268 1644 325 1715 ll.
354 1652 432 1712 Fest.
452 1673 481 1728 p.
496 1653 559 1712 476
581 1643 689 1734 (325)
714 1643 876 1734 ‘(Saturn0
892 1695 898 1710 .
915 1642 936 1732 .)
962 1653 1012 1728 qui
1036 1654 1109 1711 deus
1132 1654 1164 1711 in
1188 1652 1351 1714 Saliaribus

177 1743 380 1802 Saeturnus
399 1735 590 1801 nominatur.’

266 1839 454 1900 Vanlectr
480 1837 633 1894 Saeturnus
652 1856 686 1893 ecc
705 1841 785 1895 titulo
803 1840 923 1894 restituit
942 1839 1061 1908 Russus,
1087 1841 1221 1894 Saturnus
1241 1841 1278 1907 F,
1302 1841 1351 1896 Sa-

179 1915 295 1967 teurnns
315 1928 375 1966 cum
396 1912 487 1968 Paulo
506 1912 633 1966 Diccouc
654 1910 729 1991 020·
745 1910 858 1978 Mdller,
877 1911 978 1978 Hccct,
997 1911 1097 1980 Bcrplr,
1115 1912 1232 1969 Jordan.

267 2009 459 2068 Oo'mmcnt.
491 2010 630 2070 Formam
646 2000 831 2068 ‘Saeturnus'
846 2010 971 2067 tuentur
990 2009 1021 2066 ct
1036 2007 1142 2068 titulus
1159 2010 1272 2068 vasculi
1287 2008 1350 2068 OIL
1420 2057 1422 2060 .

176 2100 261 2159 148:
287 2093 442 2157 ‘Saeturni
464 2092 613 2173 pocolom’
639 2102 670 2157 et
692 2116 745 2157 vas
767 2098 878 2172 Dueni,
900 2098 933 2155 in
955 2116 1013 2172 quo
1037 2098 1108 2157 Ioco
1130 2103 1176 2157 sat
1200 2089 1280 2180 (Iovi
1299 2099 1351 2157 Sa-

176 2180 291 2270 turnio)
316 2187 470 2263 scriptum,
494 2206 512 2245 a
535 2206 605 2247 vero
625 2206 659 2246 ex
679 2207 695 2246 c
714 2190 880 2246 correctum
899 2189 952 2244 est
990 2185 1036 2244 De
1056 2187 1170 2263 origine
1189 2179 1350 2266 nominis³)

178 2277 333 2336 nihilium
351 2276 425 2335 mihi
444 2281 580 2336 constare
599 2277 731 2349 videtur,
756 2274 919 2335 Saturnum
939 2293 954 2333 e
973 2277 1094 2335 vetusto
1114 2274 1260 2335 Saeturno
1280 2277 1352 2336 oriri

177 2367 311 2442 potuisse
325 2366 444 2442 vulgari
463 2365 609 2441 analogia,
629 2364 708 2424 unde
727 2365 852 2426 verbum
868 2358 945 2423 ‘sero
965 2395 1001 2404 -
1021 2359 1131 2424 satum'
1147 2370 1351 2442 sequerentur,

177 2454 210 2514 O.
226 2455 329 2514 Keller
348 2448 474 2514 ‘Lctec'u
495 2448 756 2529 Voltsctpmoleqc'e'
770 2474 803 2528 p.
819 2455 859 2512 36
879 2452 989 2514 docuit.

268 2588 326 2656 lt.
359 2596 469 2655 Oerus
489 2615 619 2656 manus.

270 2691 467 2749 Test1mons
496 2694 613 2764 Panlp
616 2701 676 2749 .87
697 2697 783 2764 (122).
814 2693 856 2748 ‘In
881 2694 1002 2748 carmine
1022 2693 1124 2747 Saliari
1143 2691 1227 2746 Gerus
1252 2708 1351 2746 manus

177 2765 346 2835 intelligitur
365 2767 476 2819 creatur
489 2713 613 2820 bonus?p
622 2765 746 2819 -Fest
768 2783 795 2834 p
814 2771 865 2820 130
880 2767 967 2834 (146)ε
996 2763 1138 2819 ‘'Manos
1130 2782 1159 2817 m
1184 2762 1352 2818 carminibus

179 2836 334 2893 Saliaribus
352 2834 449 2892 Aelius
469 2837 540 2891 Stilo
560 2837 718 2907 significare
737 2837 779 2890 ait
797 2837 906 2892 bonos'

265 2909 340 2964 Var
360 2910 451 2964 lect:
471 2909 581 2980 manos]
601 2911 675 2979 (εσ,ι
664 2926 695 2962 aa
711 2907 789 2963 Festi
804 2909 883 2978 loco):
904 2924 1019 2962 manuos
1033 2905 1072 2974 F,
1091 2923 1206 2962 mannes
1221 2905 1350 2960 Aurelius

177 2981 253 3035 codd.
272 2981 368 3047 Pauli,
387 2996 483 3034 manes
502 2986 641 3050 eccerptor
660 2985 692 3035 ut
708 2981 828 3047 formam
846 2981 977 3036 usitatum
996 2980 1137 3048 scripsisse
1154 2979 1270 3033 uidetur

267 3075 458 3136 Oomment.
497 3077 606 3136 Serum
624 3077 732 3137 Festus
751 3076 886 3137 nominat
892 3124 899 3151 ,
873 3068 1054 3135 t'‘Ocrrus
1074 3073 1201 3134 nominis
1220 3072 1349 3132 formam

177 3165 344 3242 postulavit
366 3165 514 3224 Btlchcler
538 3157 696 3246 (Umbrica
714 3185 747 3240 p.
766 3157 821 3246 99)
845 3165 991 3241 probante
1013 3182 1110 3238 nuper
1133 3162 1282 3220 Wissowa
1305 3153 1351 3242 (iu

177 3255 316 3314 Roscbcri
334 3255 422 3314 issico
439 3247 647 3334 myrtouptoo).
675 3248 760 3314 ‘Kerc'
772 3248 916 3328 pocolom'
935 3252 1027 3312 habet
1041 3269 1094 3312 vas
1109 3250 1350 3325 antiquissimum

178 3345 208 3402 in
227 3342 315 3402 Latio
343 3345 497 3420 repertum
525 3336 604 3419 (OIL
623 3344 639 3402 I
658 3335 729 3424 46),
758 3342 847 3402 Ocres
875 3344 931 3401 dea
956 3341 1155 3403 Romanorum
1184 3342 1263 3399 certo
1293 3335 1350 3398 uno

180 3433 292 3508 scripta
320 3433 368 3492 est
390 3453 419 3509 r;
447 3436 551 3492 contra
578 3432 610 3490 in
635 3437 801 3492 ceterorum
823 3431 969 3491 Italorum
991 3429 1103 3505 linguis
1128 3431 1253 3505 stirpem
1276 3446 1352 3487 cers-

179 3549 356 3625 reperimus,
381 3522 502 3622 Ocrfum
525 3549 604 3622 apud
630 3547 769 3622 Umbros,
791 3549 866 3607 Kcrt
883 3539 974 3627 (dat.)
997 3546 1077 3620 apud
1096 3543 1202 3621 Oscos,
1230 3541 1350 3616 Corfuru

179 3637 405 3714 Paelignorum
429 3637 532 3694 eadem
551 3636 644 3712 stirpe
664 3637 755 3695 etiam
775 3637 830 3696 dea
848 3637 921 3694 haec
935 3635 1123 3694 Sabellorum
1142 3650 1251 3690 nomen
1269 3650 1349 3690 accc·

179 3728 239 3804 pit,
263 3745 340 3804 quac
362 3724 461 3798 Ocrlia
484 3725 522 3784 ab
541 3724 676 3803 Umbris,
698 3727 810 3784 Korra
832 3725 869 3783 ab
890 3722 973 3782 Oscis
996 3723 1175 3797 vocabatur,
1199 3721 1235 3780 cf.
1260 3721 1352 3780 etiam

180 3810 302 3889 ‘repertu
314 3817 382 3890 pict
401 3814 483 3875 Certe
500 3807 603 3874 Joca'
626 3814 659 3871 in
680 3813 873 3888 inscriptione
892 3811 1140 3870 Marrucinorum.
1176 3810 1261 3868 Hanc
1285 3809 1352 3867 stir-

180 3924 249 3981 pem
267 3923 338 3964 cers-
360 3903 494 3964 extitisse
513 3922 631 3980 quoque
650 3904 730 3978 apud
746 3901 871 3962 Latinos
891 3921 907 3960 e
926 3900 1046 3959 vocibus
1068 3892 1210 3958 ‘samius'
1230 3901 1262 3957 ct
1281 3915 1350 3956 cerro

181 3985 213 4077 (e
231 4011 347 4067 cussa,
371 3995 407 4053 cf.
432 3985 628 4072 silicernium)
652 3992 795 4068 sequitur.
837 3993 879 4050 At
902 3990 982 4066 apud
1000 3988 1166 4048 Varronem
1191 3978 1242 4069 (fr.
1262 3979 1297 4065 2)
1321 3988 1352 4044 et

271 4180 359 4248 )1cf.
377 4178 543 4261 Marquardt
561 4181 600 4235 ed.
616 4185 682 4248 212.
697 4183 760 4234 436.

269 4254 297 4322 2)
316 4250 400 4306 Cuius
420 4251 498 4320 origo
518 4267 589 4320 quae
608 4248 719 4305 fuerit'
710 4265 817 4320 rgnoro

271 4323 358 4395 e)cf.
377 4322 481 4378 Arabio
498 4323 547 4390 scir
565 4323 612 4428 lot.
631 4321 729 4378 Lecti.
750 4319 829 4374 ΠΗ
844 4319 991 4392 (1892Μ).
1006 4322 1072 4376 292
