3132 4858
214 76 279 140 328
653 73 684 128 B.
699 71 943 129 Maurenbrecher:

215 264 273 322 que
291 248 425 320 tempore
444 244 575 304 carmina
594 242 759 319 composita
778 261 852 320 esse,
871 243 923 302 ssd
938 245 973 303 ut
987 243 1105 306 diversa
1119 262 1184 304 esse
1203 263 1239 304 ea
1253 245 1385 304 carmina

215 335 369 410 complura
393 353 429 394 ox
451 334 636 410 argumentis
659 351 763 393 eorum
786 333 991 410 cognovimus,
1018 333 1063 393 ita
1086 332 1178 394 variis
1200 333 1386 410 temporibus

218 426 284 483 orta
303 442 369 482 esse
388 442 423 483 ea
443 441 607 498 exgenere
627 422 743 482 dicendi
763 422 867 481 elucet.
899 421 975 482 Cum
992 441 1064 482 vero
1079 421 1183 482 Aelius
1203 413 1279 482 Stilo
1299 422 1387 483 aliive

216 512 417 590 grammatici,
446 511 500 589 qui
523 511 752 571 commentarios
778 510 958 571 carminibus
983 511 1174 586 addiderunt,
1204 511 1305 570 omnia
1329 531 1387 570 uno

221 621 343 677 corpore
368 620 487 678 unoque
508 601 586 660 libro
609 600 821 676 comprehensa
848 600 907 659 iam
930 601 1098 677 repperisse
1121 601 1280 662 videantur
1303 592 1346 682 (1.
1365 619 1387 660 s.

216 712 244 768 p.
266 681 360 771 321),
380 690 485 750 deindo
504 709 570 750 cum
589 689 665 748 nihil
684 689 861 766 fragmentis
884 689 964 764 insit,
984 691 1064 766 quod
1083 691 1158 749 citra
1176 689 1260 748 tertii
1279 691 1389 749 saeculi

218 800 242 840 a.
267 779 334 839 Chr.
353 800 381 838 n.
405 779 524 838 initium
552 780 633 838 facta
659 797 724 838 esse
752 777 884 836 carmina
911 779 1097 856 comprobet,
1126 780 1179 837 aut
1207 779 1291 840 brevi
1319 782 1388 838 ante

214 868 353 945 ⁴Appium
368 867 525 928 Claudium
543 871 597 927 aut
612 867 719 927 abhoc
733 867 864 926 carmina
883 867 1007 927 collecta
1025 867 1166 945 editaque
1185 887 1250 928 esse
1269 869 1388 929 conicio.

309 957 501 1034 Relinquitur
518 957 617 1034 nobis,
640 958 676 1014 ut
698 975 793 1032 pauca
816 957 851 1016 de
871 959 983 1016 metro
1002 959 1168 1017 carminum
1193 956 1389 1033 disputamus.

218 1048 363 1107 Attamen
381 1047 418 1105 de
436 1048 532 1106 metro
548 1045 687 1104 Saturnio
706 1045 838 1105 iudicare
858 1048 889 1105 ot
901 1065 956 1122 per
970 1065 1002 1106 so
1016 1046 1224 1106 difficillimum
1239 1050 1285 1106 est
1304 1049 1334 1106 et
1353 1066 1389 1105 ex

220 1137 266 1196 his
286 1135 426 1196 brevibus
444 1135 623 1211 fragmentis
647 1134 765 1194 omnino
788 1134 864 1194 nihil
887 1136 923 1193 de
946 1153 980 1194 eo
1005 1135 1139 1195 concludi
1161 1138 1273 1212 potest;
1296 1153 1388 1210 quare

219 1227 258 1284 ad
276 1225 423 1301 liquidum
447 1225 653 1300 quaestionem
676 1225 838 1300 perducere
862 1224 1004 1284 hocloco
1028 1225 1110 1302 nolo,
1132 1243 1191 1284 non
1215 1244 1273 1301 quo
1295 1223 1386 1282 inter-

215 1315 394 1392 pretationis
417 1314 558 1373 metricae
582 1313 716 1389 pericula
739 1313 878 1391 bellaque
901 1313 1001 1374 subire
1029 1313 1177 1387 dubitem,
1206 1313 1259 1372 ssd
1281 1313 1388 1372 melius

217 1404 303 1480 duxi,
330 1404 366 1462 de
389 1403 527 1464 versibus
549 1402 699 1462 Saturniis
722 1402 783 1460 alia
806 1403 877 1462 data
900 1403 1051 1462 occasione
1074 1403 1146 1478 quid
1170 1403 1298 1462 sentiam
1319 1421 1388 1478 pro-

217 1493 306 1553 ferre.
326 1522 368 1533 -
389 1491 490 1569 Atque
509 1493 608 1551 versui
628 1491 845 1568 quodammpdo
865 1493 997 1569 aptanda
1015 1496 1085 1552 sunt
1103 1493 1140 1551 fr.
1157 1494 1185 1568 1,
1206 1495 1238 1569 2,
1260 1493 1298 1569 63,
1313 1509 1389 1567 quae

219 1583 245 1655 si
269 1601 324 1657 per
348 1581 547 1658 quant'tatem
572 1581 756 1656 syllabarum
780 1581 880 1640 metiri
900 1581 989 1655 velis,
1011 1581 1043 1639 in
1061 1580 1096 1639 fr.
1114 1583 1131 1639 1
1157 1584 1226 1657 post
1245 1573 1389 1656 ‘patrem'

218 1671 320 1731 thesin
338 1688 512 1746 oppressam
532 1670 759 1746 animadvertes,
778 1670 847 1729 dein
862 1663 940 1730 ‘deo'
955 1690 1009 1746 pro
1024 1689 1083 1729 una
1098 1669 1216 1748 syllaba
1229 1668 1390 1746 legendum

217 1760 274 1818 tibi
293 1760 358 1834 erit,
378 1751 493 1840 (divom
511 1762 629 1836 patrem
648 1761 733 1818 cante
752 1789 788 1800 -
810 1759 909 1818 divom
929 1761 983 1818 deo
1003 1751 1206 1836 supplicate.);
1227 1761 1292 1818 tum
1310 1759 1390 1834 frag·

218 1848 313 1908 menti
333 1851 350 1907 2
376 1866 480 1910 versus
503 1849 585 1924 prior
613 1843 816 1908 difficillimus
835 1847 892 1908 tibi
915 1849 986 1925 erit,
1011 1867 1100 1925 quern
1123 1849 1252 1907 fortasse
1276 1842 1313 1907 ‘0
1338 1847 1390 1906 ΖόΙ

220 1939 339 1998 adoriso
360 1937 467 2010 dmnia,
489 1939 580 1998 rerdd
594 1938 713 1996 Patulci
727 1932 845 1996 cosmis’
860 1939 952 2014 leges,
971 1938 1049 1996 alter
1062 1956 1166 1997 versus
1182 1937 1391 1997 difficultatem

217 2047 276 2087 non
300 2027 426 2105 praebet
451 2021 507 2108 (Es
527 2025 639 2086 Sericus
657 2012 738 2085 Idnis
763 2027 878 2086 dridnus
898 2057 939 2066 —
965 2025 1059 2086 Gerus
1084 2045 1115 2086 es
1137 2027 1253 2086 ditonus
1276 2018 1390 2106 Itnus),

217 2118 420 2193 fragmentum
449 2116 570 2192 quidem
595 2119 613 2175 6
639 2115 802 2175 secundum
831 2115 1032 2192 quantitatem
1060 2115 1162 2176 scandi
1189 2117 1306 2192 nequit,
1333 2115 1392 2174 nisi

219 2207 297 2265 forte
316 2201 461 2282 ‘quemne
481 2207 567 2264 tonas
587 2199 747 2264 Leucesid'
766 2205 855 2264 ferire
874 2205 968 2264 iubes.
1001 2207 1042 2264 At
1061 2206 1088 2265 si
1104 2223 1209 2266 versus
1229 2204 1391 2264 secundum

218 2297 373 2354 accentum
387 2293 488 2370 legere
502 2294 594 2370 voles,
612 2294 647 2354 fr.
669 2296 684 2351 1
701 2293 826 2370 recipies
842 2294 1010 2354 saturnium
1029 2296 1139 2370 septies
1154 2295 1258 2353 ictum:
1278 2287 1390 2353 ‘divom
1408 2319 1409 2322 ¹

217 2388 333 2459 patrem
352 2385 440 2442 ctnte
459 2413 500 2424 —
521 2384 622 2444 divom
641 2384 697 2442 deo
717 2377 909 2459 supplicate’3
933 2383 1006 2443 item
1029 2384 1065 2441 fr.
1081 2385 1113 2442 6:
1138 2377 1279 2459 ‘qudmne
1302 2383 1389 2441 tdnas

217 2463 372 2532 Leucesit'
392 2463 645 2552 (amboactae),
670 2474 735 2530 tum
759 2466 843 2547 ‘prae
867 2474 918 2531 tad
938 2472 1080 2531 tremonti
1099 2465 1250 2549 quotque,
1274 2471 1392 2548 reliqua

218 2563 309 2623 verba
337 2560 484 2638 quomodo
514 2562 709 2622 discernenda
736 2561 796 2620 sint
823 2561 969 2621 incertum
998 2565 1057 2637 est3
1085 2561 1175 2621 etiam
1203 2561 1290 2620 initio
1313 2562 1349 2620 fr.
1372 2563 1390 2618 2

218 2652 441 2728 quadrupedem
461 2651 584 2711 habebis
605 2650 849 2710 semisaturnium
867 2644 909 2711 ‘0
929 2651 982 2710 Zdl
1000 2650 1118 2710 adoriso
1138 2643 1256 2710 dmnia’.

309 2741 493 2818 Fragmenta
506 2741 623 2801 minora
638 2741 743 2817 quovis
758 2740 845 2800 modo
861 2740 1002 2800 saturniis
1016 2740 1153 2817 adaptari
1167 2739 1305 2814 possunt3
1323 2737 1389 2797 fr.3

220 2849 373 2889 caesuram
403 2833 473 2889 ante
498 2823 632 2889 ‘recum'
655 2830 765 2889 babere
789 2829 908 2889 videtur
936 2822 1144 2910 (potissimum
1167 2827 1323 2886 melidsum
1350 2857 1388 2867 -

221 2909 345 2999 recum),
364 2918 400 2978 fr.
418 2921 459 2978 13
479 2919 523 2978 ita
542 2919 696 2978 inciditur:
712 2912 868 2994 ‘pennatas
886 2949 924 2960 -
940 2919 1186 2992 impennttasque
1206 2907 1319 2991 tgnas'‚
1339 2915 1392 2991 qui

218 3027 321 3068 versus
343 3011 445 3068 utrum
466 3008 627 3068 secundum
646 3007 858 3088 quantitatem
872 3026 910 3066 an
934 3026 988 3083 per
1012 3008 1166 3065 accentum
1189 3003 1312 3080 figurati
1331 3005 1392 3064 sint

218 3116 304 3159 nemo
324 3097 475 3156 diiudicet.

310 3233 344 3298 11.
373 3240 422 3298 De
443 3241 497 3300 dis
518 3239 705 3300 Saliorum.

308 3364 387 3423 Deos
402 3383 476 3441 quos
490 3365 643 3424 invocatos
659 3382 724 3423 esse
743 3381 761 3421 a
776 3354 865 3422 Saliis
880 3362 998 3438 scimus,
1017 3363 1076 3421 iam
1091 3381 1184 3438 supra
1197 3384 1226 3439 p.
1242 3365 1304 3424 322
1322 3383 1389 3422 enu-

219 3454 346 3529 meravi;
366 3455 437 3512 sunt
454 3453 554 3528 Ianus,
573 3453 656 3526 Iuno,
675 3453 819 3524 Minerva,
838 3451 984 3529 Iuppiter,
1003 3451 1092 3526 Mars,
1112 3449 1267 3526 Saturnus,
1288 3450 1389 3526 Gerus,

219 3544 317 3603 Pavor
335 3541 511 3619 Pallorque;
530 3543 634 3600 contra
651 3540 755 3600 Venus
774 3542 853 3600 hunc
871 3541 905 3599 in
921 3559 1081 3601 numerum
1099 3561 1158 3602 non
1177 3543 1297 3618 recepta
1316 3543 1389 3598 erat.

218 3631 380 3691 Praeterea
401 3649 501 3692 omnes
522 3630 592 3690 deos
612 3624 792 3691 ‘consentes'
811 3633 969 3690 veneratos
992 3649 1057 3691 esse
1076 3629 1173 3690 Salios
1196 3630 1331 3705 sequitur
1355 3649 1390 3688 ea

219 3739 260 3796 re,
280 3722 358 3798 quod
373 3723 532 3780 aramenta
550 3719 582 3778 in
597 3720 668 3780 deos
687 3721 844 3781 universos
865 3722 950 3780 erant
968 3719 1146 3796 composita3
1165 3721 1254 3794 atque
1269 3719 1390 3778 omnino

219 3811 289 3870 deos
308 3810 394 3886 quasi
407 3829 467 3869 uno
482 3809 604 3869 concilio
620 3810 791 3870 coniunctos
811 3828 875 3870 esse
893 3808 1071 3883 intellectos,
1090 3808 1142 3885 qui
1156 3825 1258 3867 omnes
1274 3827 1390 3868 summo

219 3899 274 3958 deo
295 3891 327 3980 (i.
344 3919 367 3959 e.
387 3891 474 3978 Iano)
495 3898 620 3959 subiecti
640 3900 727 3959 stab
747 3919 780 3959 eo
799 3899 895 3975 geniti
915 3901 1024 3972 essent,
1042 3897 1178 3958 videmus
1198 3917 1214 3956 e
1232 3898 1269 3957 fr.
1286 3901 1318 3976 1,
1337 3898 1390 3956 ubi

221 3989 328 4046 Ianum
352 3981 469 4048 <divom
492 3981 625 4064 patrem'
651 3993 682 4048 et
704 3983 818 4048 ‘divom
839 3982 943 4047 deum'
967 3987 1135 4062 appellant,
1157 3987 1207 4048 vel
1224 3987 1262 4046 fr.
1282 3990 1315 4065 3,
1338 3988 1390 4046 ubi

219 4071 422 4152 ‘potissimum
449 4076 607 4136 meliorum
639 4070 757 4153 regum'
786 4097 854 4135 eum
887 4077 1048 4136 celebrant.
1095 4074 1174 4146 Quos
1207 4078 1287 4136 inter
1319 4076 1388 4134 deos

217 4165 333 4241 priores
356 4168 484 4243 egerunt
502 4169 604 4242 partes
621 4165 712 4225 Ianus
732 4185 765 4226 ac
779 4166 867 4224 Mars.
907 4164 1006 4241 Atque
1025 4164 1142 4224 Ianumv
1155 4165 1302 4240 imprimis
1324 4165 1390 4220 lau-

167 4299 171 4308 .
219 4255 304 4316 dasse
324 4253 419 4316 Salios
439 4258 568 4316 testatur
587 4254 691 4334 Lydus
711 4256 747 4316 de
768 4274 859 4316 mons.
883 4254 926 4312 Ν
946 4257 979 4313 2:
999 4247 1202 4315 ’δυοκαίδεκα
1220 4247 1388 4328 πρυτάνεις
