3132 4858
533 157 693 213 Garminum
713 157 860 214 Saliarium
879 157 1022 228 reliquiae.
1295 162 1358 225 341

188 328 271 387 bium
290 331 344 387 est.
378 327 436 386 Sed
456 329 513 387 huo
531 328 660 387 alterurn
675 327 835 387 Saliarium
854 329 1018 388 carminum
1038 328 1242 406 fragmentum
1261 323 1311 411 (fr.
1324 324 1358 412 9)

189 410 317 492 ‘pescia'
346 417 475 476 incidere
503 413 565 476 iam
591 416 707 476 Usener
739 417 900 518 divinavit3
932 416 1033 494 pescia
1061 421 1161 477 autem
1195 422 1357 479 seeundum

188 506 306 565 Aelium
332 505 477 566 Stilonem
506 509 576 564 sunt
599 501 726 582 ‘capitia
750 527 785 566 ex
809 507 942 583 'pellibus
971 507 1088 583 agninis
1116 501 1207 568 facta'
1214 532 1221 584 3
1250 529 1356 585 nempe

187 597 233 654 his
253 588 422 672 ‘passibus'
446 595 472 654 is
492 597 542 672 qui
562 595 773 655 Mamuralium
792 596 839 654 die
862 597 940 655 festo
959 596 1099 654 Mamurii
1121 599 1223 672 partes
1247 598 1357 673 agebat

187 685 410 760 vapulabatque
429 685 551 744 indutus
571 688 645 744 erat.
686 685 795 744 Postea
813 685 964 744 interiisse
982 705 1093 744 morem
1119 687 1284 760 expellendi
1304 689 1356 746 ho·

186 773 275 833 minis
294 774 533 849 substitutasque
552 793 618 833 esse
640 793 693 848 pro
719 774 839 834 homine
864 774 958 851 pelles
982 793 1000 832 a
1019 774 1224 835 sacerdotibus
1254 795 1355 836 caesas

186 863 260 922 locis
280 861 377 922 Servii
394 862 577 938 Minuciique
595 853 803 940 intelligimine.
897 933 898 936 Ἴ

274 952 311 1010 In
338 953 456 1010 nomine
484 952 624 1011 Mamurii
653 952 773 1011 Veturii
805 952 960 1011 scribendo
987 952 1269 1028 pronuntiandoque
1297 975 1356 1014 non

186 1043 325 1100 constant
352 1041 408 1100 sibi
432 1044 568 1100 auctores
590 1044 721 1118 veteres3
748 1042 877 1117 primam
905 1041 1023 1118 quidem
1054 1041 1202 1118 syllabam
1230 1043 1355 1118 produci

185 1129 318 1189 ostendit
353 1134 474 1206 praeter
511 1129 650 1190 Ovidium
689 1130 864 1206 Propertius
897 1131 942 1187 IV
965 1121 1023 1212 (V)
1053 1133 1086 1208 2,
1107 1133 1164 1190 61:
1195 1125 1356 1190 ‘Mamurrr'

183 1220 296 1278 format
325 1221 457 1279 caelator
484 1215 600 1294 aenae',
627 1239 807 1297 quamquam
826 1219 923 1279 Varro
946 1219 1087 1280 -sicut
1109 1239 1146 1279 ex
1169 1221 1354 1298 etymologia

184 1309 427 1369 eiusconeludas
445 1339 490 1350 -·-
511 1309 633 1369 brevem
657 1328 721 1367 esse
741 1329 806 1368 eam
828 1312 952 1386 putasse
970 1309 1104 1386 videtur3
1123 1311 1355 1386 comparandum

120 1469 126 1482 .
185 1397 279 1474 igitur
297 1416 405 1456 nomen
424 1399 471 1456 est
494 1415 562 1456 cum
579 1399 738 1474 Mamerto,
757 1399 920 1473 Mamerco,
938 1398 1087 1474 Mavorte,
1109 1392 1269 1478 Matutal).
1307 1398 1356 1458 Se·

185 1485 312 1546 cundem
332 1489 434 1545 autem
453 1486 602 1563 syllabam
616 1488 738 1562 longam
757 1488 849 1550 habet
864 1478 1163 1568 Propertius2),que
1177 1507 1243 1546 cum
1260 1489 1357 1548 forma

183 1577 366 1635 Mamurram
386 1575 521 1635 conferas
541 1580 571 1635 et
591 1575 748 1652 Murrium,
773 1575 935 1653 Saliorum,
960 1579 994 1634 ut
1013 1574 1135 1636 Servius
1154 1577 1234 1654 vult,
1259 1576 1358 1636 condi·

184 1669 289 1724 torem.
326 1664 438 1725 Contra
465 1665 646 1724 Mamurium
672 1665 880 1741 pronuntiavit
907 1663 1033 1724 Ovidius
1063 1668 1095 1724 et
1121 1665 1165 1724 ita
1192 1666 1356 1743 Dionysius
1467 1731 1471 1736 ,

185 1746 381 1835 (Μαμόριοε)
409 1773 517 1814 nomen
535 1755 717 1814 intellexisse
737 1755 870 1830 videtur3
899 1750 1088 1828 Μαμούριον
1107 1773 1174 1812 eum
1202 1756 1357 1830 appellant

183 1843 363 1903 Plutarchus
383 1863 417 1920 ao
435 1843 548 1920 Lydus
585 1843 674 1902 Illam
697 1845 824 1903 formam
842 1843 1068 1919 praeferendam
1090 1861 1155 1902 esse
1179 1843 1356 1922 existimem,

183 1933 209 1990 si
236 1933 380 1991 llorrium
408 1937 438 1992 et
463 1933 663 1991 Mamurrium
695 1952 791 2010 aeque
819 1952 884 1992 esse
917 1936 1061 2008 cognatos
1094 1935 1231 2008 reputem
1264 1937 1355 2008 atque

182 2021 311 2080 Martem
327 2025 357 2080 et
370 2021 555 2099 Mamertem,
569 2024 646 2082 hanc
664 2023 746 2082 tueri
759 2023 879 2082 videtur
894 2041 1013 2082 carmen
1028 2022 1149 2096 Arvale,
1164 2041 1221 2098 quo
1239 1998 1356 2082 Mamor

182 2130 200 2168 a
218 2111 364 2169 fratribus
381 2111 546 2185 invocatur,
566 2112 673 2170 Martis
692 2130 865 2188 cognomen.

263 2245 305 2314 9.
333 2253 468 2314 Pescia.

272 2361 465 2415 aestimans
497 2359 572 2416 uest.
591 2380 618 2430 p.
633 2365 685 2415 sss
700 2363 775 2429 (210)
801 2359 912 2428 ‘pesas
934 2361 964 2413 a
983 2359 1085 2415 sanas
1110 2363 1232 2416 carmine
1256 2349 1354 2417 nesus

181 2431 253 2487 Stilo
277 2431 334 2485 dici
358 2431 399 2486 ait
422 2431 529 2502 capitia
550 2449 583 2486 ex
602 2433 722 2502 pellibus
742 2430 853 2501 agninis
871 2431 960 2498 facta,
985 2431 1060 2500 quod
1080 2433 1180 2487 Graeci
1198 2435 1287 2501 pelles
1307 2453 1353 2489 vo-

181 2507 245 2558 cent
262 2505 346 2571 πέεκη
366 2506 464 2558 neutro
484 2521 585 2571 genere
604 2503 773 2573 pluraliter',
793 2503 828 2556 cf.
847 2501 966 2572 Hesych.
985 2505 1122 2557 πεεκέων·
1142 2507 1296 2571 δερμάτων.

272 2609 463 2669 Comment.
495 2608 576 2668 Aelii
595 2609 718 2669 Stilonis
738 2609 954 2687 etymologiam¹
972 2611 1066 2667 secuti
1084 2611 1176 2686 vulgo
1198 2610 1257 2670 viri
1276 2611 1355 2670 docti

179 2699 249 2758 huic
271 2699 338 2758 voci
360 2698 447 2773 pellis
466 2698 618 2758 notionem
635 2699 734 2758 inesse
748 2701 965 2773 cognatamque
984 2715 1050 2757 sam
1070 2717 1134 2757 esse
1153 2717 1220 2756 cum
1240 2693 1353 2760 Graeco

182 2785 294 2848 πέεκο(
323 2787 509 2860 existimant,
527 2789 612 2847 velut
635 2787 750 2846 Usener
778 2805 953 2863 comparans
973 2780 1112 2860 ‘pectere'
1138 2782 1171 2846 'et
1193 2782 1293 2847 πόκος
1317 2809 1352 2847 er

180 2870 328 2950 pec-sctu'
347 2880 443 2936 ortam
463 2895 528 2936 esse
547 2877 681 2936 coniecit.
709 2878 751 2935 At
765 2877 840 2936 miro
855 2877 952 2948 modo,
971 2877 1045 2936 haec
1060 2876 1085 2936 si
1099 2877 1143 2935 ita
1156 2881 1267 2952 essent,
1282 2879 1351 2936 sub-

179 2967 344 3025 stantivum
369 2965 475 3025 suffixo
499 2985 544 3025 sce
567 2956 657 3048 (aaa)
682 2967 844 3025 formatum
868 2967 960 3025 esset!
997 2964 1145 3040 Equidem
1169 2986 1225 3042 ego
1249 2968 1351 3024 malim
1436 2987 1438 2992 ·

178 3054 299 3113 Italicas
322 3055 442 3132 linguas
466 3047 613 3130 conferre,
637 3056 690 3114 ubi
712 3056 858 3114 habemus
877 3051 1047 3113 Marsorum
1067 3047 1180 3127 ‘pesco'
1200 3045 1283 3136 (asos
1301 3075 1352 3114 no-

177 3143 285 3202 vesede
308 3162 396 3218 pesco
420 3163 521 3220 pacre,
547 3161 684 3217 „sacru-m
707 3139 969 3222 ad·paeandum“)
993 3145 1024 3200 et
1049 3139 1193 3201 Oscorum
1218 3136 1353 3216 ‘pestium

179 3223 349 3304 opsumaom'
369 3223 500 3310 (sacrum
520 3224 585 3312 (ic.
600 3223 763 3310 templum)
783 3221 997 3311 operandum),
1014 3230 1093 3294 idem
1109 3235 1210 3289 autem
1225 3233 1350 3290 verbum

177 3320 317 3397 frequens
337 3323 384 3378 est
401 3319 482 3395 apud
495 3313 666 3398 Umbros3),
685 3321 769 3379 velut
783 3314 850 3378 ‘este
858 3321 1007 3392 peractum
1021 3313 1111 3378 caeto'
1127 3311 1216 3400 (illud
1232 3339 1349 3380 sacrum

176 3401 276 3490 inito),
296 3403 491 3483 ‘persolutum‘
509 3401 621 3468 cuiitu'
640 3399 692 3490 (ad
709 3409 885 3468 sacrificium
899 3398 1020 3488 celato),
1039 3401 1102 3481 ‘ptr
1114 3411 1233 3481 peracta
1250 3403 1350 3469 aletu'

178 3492 292 3578 (ignem
311 3498 342 3555 in
361 3497 505 3557 sacrificio
524 3491 631 3577 urit0);
650 3497 830 3573 precationis
849 3497 949 3572 potius
969 3498 1014 3556 vis
1033 3497 1131 3556 inesse
1152 3499 1216 3556 voci
1230 3498 1351 3558 videtur

177 3587 244 3647 aliis
265 3586 351 3659 locis,
377 3589 412 3644 ut
429 3581 556 3661 ‘peracta
573 3605 654 3646 semu
672 3589 808 3646 cesttcutu
827 3579 1026 3659 otripursctu'-
1046 3577 1149 3665 (simul
1169 3605 1236 3644 cum
1254 3589 1349 3663 preci·
1382 3583 1385 3588 ’

266 3778 294 3844 1)
313 3773 353 3829 Cf.
377 3775 481 3829 Archia
503 3776 552 3840 fiir
575 3775 668 3828 tutata.
692 3773 913 3843 Leaitoprophc'e
932 3772 1021 3826 VIII
1043 3776 1144 3840 (1892)
1162 3790 1192 3842 p.
1207 3777 1276 3839 290,
1301 3773 1350 3826 ubi

177 3845 283 3898 Mamor
306 3846 451 3900 Arvalium
477 3862 495 3898 a
514 3862 558 3900 me
576 3862 643 3898 num
662 3845 737 3898 recte
756 3842 877 3897 reiectus
896 3843 934 3896 sit
951 3843 1007 3898 iam
1023 3843 1134 3910 dubit03
1155 3846 1188 3899 cf.
1201 3845 1350 3914 praeterea

178 3916 354 3970 Weissbrodt
368 3916 443 3984 apud
458 3915 777 3982 Schweizer-Sidlerum,
797 3915 891 3969 curcul.
903 3915 1070 3996 pharetras
1090 3918 1190 3983 (1881)
1204 3933 1234 3984 p.
1249 3920 1295 3970 42.
1314 3945 1348 3954 —

177 3987 201 4039 A
225 3986 312 4055 stirpe
335 4004 406 4046 mor·
429 3989 548 4042 fortasse
572 3993 601 4042 et
618 3987 738 4041 Murrius
758 3987 961 4055 (Ma-mumius)
985 3989 1015 4040 et
1033 3986 1154 4040 Ma-mor
1172 3985 1348 4056 (Mamurius)

176 4059 245 4126 fingi
271 4058 377 4128 potuit;
406 4057 496 4127 ipsam
523 4060 597 4114 hanc
623 4059 739 4129 stirpem
763 4059 856 4111 utrum
882 4073 945 4110 cum
968 4056 1070 4112 Martis
1093 4058 1205 4112 nomine
1234 4057 1349 4125 cognati

177 4129 246 4199 quid
264 4129 369 4183 habeat
386 4145 474 4183 necne
492 4130 595 4185 nescio.

266 4201 293 4269 2)
313 4199 455 4255 Mamurra
464 4217 499 4254 ex
508 4201 615 4270 optimo
626 4201 748 4255 omnium
760 4200 855 4254 codice
866 4197 1054 4270 Neapolitano
1064 4199 1189 4254 restituit
1198 4197 1228 4254 L.
1237 4197 1347 4254 Miiller.

266 4276 293 4341 3)
313 4272 488 4339 Quamquam
513 4275 649 4341 peractum
676 4289 733 4325 non
761 4271 864 4326 habere
892 4270 922 4324 in
949 4270 1045 4326 latinis
1071 4271 1145 4337 quod
1167 4271 1348 4340 responderet

175 4346 253 4400 ratus
272 4346 315 4399 est
333 4341 477 4399 Biichcler.
