3132 4858
509 153 670 209 Carminum
689 152 838 208 Saliarium
857 154 998 224 reliquiae.
1242 125 1249 138 ι
1271 154 1336 218 345

166 328 257 384 tores.
280 357 316 366 -
339 322 493 400 Spicarum
520 323 724 400 frumentique
747 323 859 384 mentio
883 324 922 382 ad
945 323 1015 383 deos
1038 323 1183 383 frumenti
1205 327 1236 382 et
1257 301 1336 399 agri-

168 414 305 473 culturae
323 433 377 473 nos
396 415 491 486 vocat,
510 412 542 470 in
561 412 690 472 carmine
708 412 803 488 igitur
822 413 949 471 Saturno
968 413 1019 473 vel
1033 413 1107 472 Cero
1127 405 1189 492 (vel
1208 413 1335 473 fortasse

168 501 223 579 Opi
240 491 436 582 Cereriqnet)
457 501 556 561 dicato
574 503 647 562 haec
665 503 757 562 verba
775 503 868 562 fuisse
882 502 1030 576 videntur,
1049 502 1176 562 conicias
1195 502 1226 560 in
1247 503 1336 560 sacri-

166 592 232 651 ficio
252 593 351 669 aliquo
371 591 628 650 commemorando
647 611 683 650 ea
702 591 783 651 dicta
802 610 880 668 esse,
905 611 963 667 quo
987 592 1086 667 spicae
1105 591 1160 651 deo
1179 591 1336 666 dabantur,

167 682 245 758 quod
263 679 365 741 Cereri
382 681 496 739 factum
516 699 580 740 esse
599 682 730 740 testatur
744 681 827 739 Paul.
842 681 924 740 Diac.
943 702 971 757 p.
987 683 1050 740 465
1064 674 1171 760 (319):
1192 674 1337 740 ‘Sacrima

167 772 337 846 appellatur
355 773 500 846 mustum,
524 770 604 846 quod
622 771 731 830 Libero
756 770 988 829 sacrificabant.
1013 769 1114 828 siout
1136 771 1336 845 praemetium

121 869 127 880 ⁴
168 859 325 935 despicis,
346 861 569 937 quasprimum
587 859 795 933 messuissent,
815 859 1023 918 sacrificabant
1042 854 1164 918 ssi-eri?
1200 858 1243 917 At
1261 859 1337 917 mira

169 967 240 1008 sane
259 949 376 1008 ratione
392 949 507 1007 Zander
526 949 563 1007 ad
578 949 725 1025 Robigum
744 950 794 1009 vel
807 948 985 1026 Robiginem
1001 948 1096 1008 verba
1113 949 1216 1019 refert,
1234 967 1336 1024 quam-

7 1065 11 1074 ·
85 1103 87 1108 ,
168 1056 258 1113 quam
274 1038 425 1114 Robigum
444 1037 565 1096 aSaliis
585 1037 768 1098 celebratum
783 1057 848 1097 esse
867 1057 926 1096 non
945 1037 1032 1098 modo
1051 1056 1111 1121 non
1129 1038 1268 1111 traditur,
1287 1036 1338 1095 sed

167 1120 231 1187 veri
250 1127 483 1186 dissimillimum
502 1129 556 1186 est.

257 1268 407 1328 Carmen
426 1271 461 1327 in
480 1269 653 1328 Pavorem
672 1269 939 1345 Palloremque:
959 1269 1078 1328 Desunt
1096 1270 1274 1346 fragmenta.

167 1459 181 1469 ν
256 1392 489 1470 Fragmenta,
509 1412 600 1469 quae
620 1394 661 1451 ad
681 1411 784 1452 sacra
802 1393 969 1452 facienda
988 1395 1169 1468 spectant:

259 1500 315 1567 14.
347 1507 490 1568 Insicia.

259 1615 457 1670 Testimon:
477 1617 566 1669 Varro
580 1615 614 1668 de
628 1614 696 1684 ling.
712 1615 761 1670 lat.
777 1615 802 1668 V
815 1621 876 1670 110:
899 1616 1013 1671 ‘Insicia
1027 1617 1062 1671 ab
1077 1635 1119 1685 so,
1139 1617 1215 1684 quod
1229 1617 1339 1670 insecta

118 1753 120 1756 Ι
167 1705 246 1752 caro,
270 1687 349 1742 utin
369 1688 491 1742 carmine
512 1685 650 1741 Saliorum
670 1690 725 1755 est,
751 1689 826 1757 quod
845 1688 874 1741 in
893 1688 964 1742 extis
987 1687 1092 1742 dicitur
1114 1705 1188 1742 nuno
1212 1705 1340 1758 „prosec-

167 1759 267 1812 tum“.’
285 1791 318 1798 -
333 1757 421 1813 Falso
436 1759 573 1813 Havetam
586 1757 796 1827 laudatumque
814 1776 870 1813 aori
888 1759 988 1813 insioia
1005 1761 1052 1814 sed
1069 1760 1178 1814 insecta
1196 1775 1261 1813 caro
1280 1777 1340 1815 car·

166 1832 250 1884 laicis
268 1831 350 1885 cerba
366 1837 478 1898 putasse
496 1831 572 1899 sequi
589 1830 657 1883 milri
675 1830 782 1884 videtur
801 1848 814 1883 e
831 1830 955 1886 Macrob.
971 1830 1022 1884 Vll
1037 1836 1066 1884 8:
1092 1830 1206 1896 ‘Dicas,
1225 1847 1339 1900 quaeso,

70 1910 78 1922 ·
169 1917 240 1968 quae
265 1917 349 1955 cansa
372 1901 486 1956 difficile
510 1900 623 1970 digestu
646 1900 716 1954 facit
737 1899 862 1968 isicium,
888 1901 964 1970 quod
983 1903 1017 1958 ab
1037 1901 1192 1956 insectione
1209 1901 1340 1956 insiciam

168 1973 276 2027 dictum
299 1971 450 2027 amissione
473 1991 490 2025 n
515 1973 628 2026 litterae
646 1975 746 2040 postea
773 1973 849 2038 quod
872 1990 946 2026 nunc
964 1974 1052 2026 habet
1069 1990 1172 2027 nomen
1195 1972 1337 2027 obtinuit!
1373 1975 1379 1988 '

259 2069 450 2128 Comment.
477 2069 595 2146 Insioia,
615 2069 633 2126 i.
648 2086 672 2126 e.
692 2071 762 2127 exta
779 2072 863 2129 cocta
882 2089 917 2128 ac
937 2070 982 2130 dis
996 2071 1028 2129 in
1042 2089 1096 2128 ara
1109 2075 1248 2146 porrecta
1261 2089 1339 2129 oom-

170 2159 335 2218 mcmorat'a
359 2177 437 2233 esse,
466 2158 518 2216 ubi
542 2159 577 2216 de
602 2175 685 2216 sacro
709 2158 764 2216 deo
788 2160 898 2218 deaevs
921 2159 1039 2218 cuidam
1062 2160 1112 2220 vel
1134 2159 1270 2218 faciendo
1294 2161 1342 2218 vel

168 2248 247 2306 facto
272 2252 413 2323 ageretur
432 2249 538 2306 elucet.
576 2247 621 2305 De
639 2247 754 2305 ratione
774 2266 894 2306 carnem
913 2249 1033 2307 secandi
1051 2249 1286 2324 immolandique
1305 2249 1341 2306 cf.

169 2337 347 2412 Marquardt
366 2337 517 2396 Romiscbc
534 2335 720 2395 Stootsocrw.
738 2338 927 2411 [Hp183.

260 2470 342 2538 15*.
378 2479 483 2536 Festus
502 2498 531 2553 p.
547 2480 610 2537 116
627 2469 736 2560 (141):
756 2473 904 2538 ‘Cloatius
924 2480 1016 2538 stiam
1034 2479 1065 2536 in
1084 2479 1169 2538 libris
1188 2497 1341 2538 sacrorum

125 2587 127 2592 ’
170 2568 367 2627 molucrum
389 2586 454 2637 esse
478 2568 522 2626 ait
543 2567 835 2644 lignumquoddam
858 2568 1052 2645 quadratum,
1081 2568 1133 2627 ubi
1155 2568 1342 2644 immolatum

169 2657 250 2716 idem
270 2655 374 2715 Aelius
393 2657 424 2714 in
443 2656 652 2731 explanatione
672 2657 838 2716 carminum
852 2656 1013 2716 Saliarium
1032 2658 1136 2717 eodem
1154 2659 1273 2717 nomine
1293 2677 1343 2735 ap-

169 2745 277 2822 pellari
302 2745 358 2820 ait,
382 2743 460 2821 qu'od
484 2745 540 2804 sub
563 2745 644 2804 mola
667 2749 868 2821 supponatur3
892 2746 1034 2805 Aurelius
1058 2745 1176 2822 Opilius
1189 2749 1343 2824 appellat,

169 2835 220 2893 ubi
239 2827 390 2893 molatur.’
766 2829 771 2836 ’

258 2931 333 2986 Var.
353 2932 446 2988 leot:
466 2932 620 2985 molucrum
636 2948 696 3003 esse
711 2933 763 3005 ait]
779 2935 894 3000 corruat,
914 2933 993 2987 aiunt
1007 2934 1044 3001 F,
1064 2933 1187 2988 Cloatius
1202 2937 1230 2988 et
1244 2932 1341 2987 Aelius

173 3005 243 3058 coni.
260 3003 290 3056 O.
307 3003 422 3072 Malles,
441 3005 514 3074 qstod
532 3005 641 3058 uomica
655 3003 731 3058 Aeta
749 3005 828 3072 infra
846 3006 984 3074 appellato
998 3006 1101 3072 falsam
1115 3011 1160 3060 est.
1175 3036 1205 3044 —
1223 3004 1344 3075 lignum]

170 3076 283 3142 cortem,
303 3073 428 3142 ligneum
447 3076 483 3129 F.

262 3159 452 3231 Commeat.
488 3170 705 3248 Fragmentum
724 3171 849 3230 dubium
868 3189 946 3248 osse,
965 3191 1004 3231 an
1022 3173 1053 3229 in
1071 3171 1145 3248 ipsis
1164 3171 1344 3231 carminibus

173 3260 338 3319 Saliaribus
358 3260 471 3319 lectum
489 3263 570 3319 esset
589 3261 708 3336 scripsit
727 3261 876 3338 Bthrens3
895 3265 997 3320 tamen
1015 3280 1051 3319 ex
1069 3261 1173 3320 iisdem
1193 3264 1344 3337 sumptum

172 3368 237 3409 esse
262 3349 414 3426 existimo,
439 3349 578 3425 quoniam
597 3349 723 3409 Verrius
746 3351 778 3408 in
795 3349 875 3409 Aelii
895 3349 1019 3410 Stilonis
1039 3344 1261 3427 ‘explanatione
1281 3368 1343 3409 oar·

171 3437 285 3498 minum
300 3430 472 3504 Saliarium'
489 3438 520 3496 id
535 3438 612 3516 legit
629 3458 725 3516 neque
745 3441 799 3499 aut
814 3439 919 3500 Aelius
937 3440 968 3498 in
987 3441 1200 3500 commentario
1213 3455 1273 3498 ‘suo
1292 3443 1346 3498 aut

171 3527 314 3587 Aurelius
334 3525 450 3603 Opilius
471 3531 561 3603 atque
580 3527 715 3588 Cloatius
734 3529 819 3588 libris
839 3529 930 3589 simul
948 3549 1050 3589 omnes
1069 3529 1099 3586 id
1118 3547 1345 3588 commemoras-

172 3620 251 3695 sent,
276 3617 333 3676 nisi
355 3635 410 3692 pro
430 3615 539 3676 Saliari
562 3635 634 3677 voco
657 3618 842 3678 habuissent.
884 3617 1016 3694 Lignum
1038 3620 1142 3678 autem
1165 3617 1346 3695 quadratum

172 3706 338 3765 molucrum
361 3705 456 3764 fuisse
481 3706 560 3782 quod
580 3703 714 3765 Cloatius
737 3706 843 3783 refert,
868 3707 978 3781 optime
1002 3707 1140 3766 convenit
1163 3726 1198 3766 ea
1216 3701 1344 3782 cum're,

173 3796 252 3871 quod
266 3796 298 3854 in
309 3795 402 3855 sacris
412 3793 628 3855 vetustioribus
643 3797 753 3854 multas
769 3798 903 3854 servatas
919 3813 983 3854 esse
997 3795 1088 3870 prisci
1102 3796 1178 3855 ritus
1193 3795 1345 3873 reliquias,

94 3890 97 3896 '
172 3884 256 3942 velut
279 3902 352 3943 vasa
373 3885 476 3961 lignea
499 3887 531 3942 et
552 3883 672 3960 capides
696 3877 785 3944 ‘vasa
810 3884 914 3944 fictilia
933 3878 1098 3950 Saliorum'
1118 3879 1193 3966 (vid.
1212 3885 1290 3943 infra
1308 3885 1345 3942 fr.

171 3972 228 4031 inc.
245 3963 289 4054 1),
307 3975 412 4048 notum
431 3977 486 4032 est

263 4087 344 4156 16²².
382 4094 541 4156 Sonivio.

225 4265 230 4278 ⁸
263 4193 460 4277 'Testimona
479 4193 623 4277 Festus-p.
640 4203 692 4252 408
708 4199 792 4281 (299lz
814 4195 973 4270 <Soni)vio
993 4194 1134 4277 signiticat
1152 4195 1182 4247 in
1200 4193 1346 4291 cargmins.

173 4265 276 4320 Saliam
294 4266 421 4335 tripudio
440 4264 605 4340 a>uguralr,
630 4269 763 4337 sonant1’,
783 4269 817 4322 cf.
836 4267 914 4322 Paul.
935 4268 952 4320 l.
968 4268 986 4320 l.
1008 4268 1127 4319 ‘sommo
1146 4268 1278 4333 sonanti,
1296 4267 1346 4321 aba

172 4338 293 4392 carmine
322 4334 425 4392 Saliari
453 4339 543 4408 sappi.
577 4337 704 4408 Ursinus,
736 4336 860 4409 tripudio
888 4355 922 4394 ca
950 4339 1035 4393 attero
1058 4338 1115 4393 loco
1142 4337 1241 4392 addidi
1268 4337 1345 4392 Festi
