3132 4858
235 140 301 205 330
674 141 705 197 B.
720 141 965 197 Maurenbrecber:

234 313 391 386 praeterea
406 309 523 371 Octavii
539 310 697 370 Hersennii
714 311 792 370 liber
810 311 861 386 qui
877 311 1051 370 inscribitur
1065 303 1113 370 ‘de
1129 311 1220 370 sacris
1237 309 1402 372 Saliaribus

157 455 160 460 .
236 392 431 473 Tiburtium',
449 399 478 458 in
499 420 557 476 quo
573 399 668 459 Salios
683 400 806 459 Herculi
824 401 979 460 institutos
998 401 1115 476 operari
1138 400 1242 460 diebus
1262 400 1351 459 certis
1373 405 1404 460 et

234 487 388 563 auspicato
413 489 511 566 dooet;
538 489 611 548 item
631 489 780 549 Antonius
804 489 921 564 Gnipho
1043 490 1139 550 Salios
1167 489 1289 549 Herculi
1319 490 1403 550 datos

233 569 357 653 probat'
380 580 410 637 et
428 577 524 640 Servii
546 579 646 638 locum
669 579 833 638 laudatum.
872 577 1029 649 Quirinum
1048 582 1203 639 veneratos
1223 597 1287 638 esse
1307 577 1402 639 Salios

233 665 369 741 sequitur
388 687 404 725 e
420 665 521 727 Servio
537 668 575 726 ad
589 667 663 726 Aen.
678 668 753 727 VIII
770 670 847 728 663:
867 661 988 746 ‘Salioa
1007 668 1058 745 qui
1073 671 1144 728 sunt
1158 668 1190 726 in
1203 667 1300 727 tutela
1313 667 1403 744 Iovia,

232 755 352 832 Martis,
377 750 518 833 Quirini',
547 760 578 816 et
600 757 678 817 Livii
700 759 766 817 loco
789 758 877 817 modo
900 758 1005 831 allato,
1034 776 1214 834 quamquam
1238 757 1403 818 carminum

232 843 375 920 reliquiae
398 845 434 903 de
459 847 514 907 boo
538 847 592 904 deo
616 847 705 921 plane
728 849 835 906 tacent.
882 846 1054 922 Principum
1080 850 1180 906 aetate
1207 848 1402 922 imperatores

231 934 352 993 nomina
374 933 454 994 inter
477 934 607 994 carmIna
626 935 752 994 Saliaria
774 935 868 1012 recipi
891 936 1057 1010 iusserunt3
1080 936 1160 1011 quod
1183 955 1243 994 non
1266 935 1334 994 inde
1357 954 1403 995 ex-

230 1022 401 1098 plicandum
417 1027 472 1102 est,
491 1025 570 1100 quod
585 1025 749 1084 recentiore
764 1027 864 1085 aetate
882 1025 973 1083 etiam
987 1025 1122 1084 homines
1136 1024 1252 1083 nobiles
1268 1024 1402 1084 eximios·

232 1131 289 1187 qne
313 1112 494 1172 carminibus
518 1113 579 1172 suis
605 1112 677 1172 Salii
699 1113 872 1189 praedicare
896 1115 1048 1186 coeperint
1072 1145 1108 1154 —
1135 1113 1218 1172 cuius
1242 1112 1286 1171 rei
1309 1116 1403 1173 testes

231 1201 308 1258 falso
332 1201 499 1261 afferuntur
523 1203 687 1261 Mamurius
711 1222 744 1262 ae
769 1202 863 1263 Lucia
885 1201 1036 1262 Volumna
1065 1235 1101 1243 -
1129 1202 1181 1261 sed
1204 1203 1401 1277 imperatores

231 1288 355 1348 deorum
388 1291 477 1374 nacti,
496 1291 719 1351 venerationem
748 1293 839 1351 etiam
870 1292 901 1351 in
929 1291 1110 1351 carminibus
1138 1290 1302 1351 Saliaribus
1335 1309 1402 1350 cum

230 1378 336 1438 ceteris
357 1379 402 1438 dis
421 1380 539 1439 adorati
558 1384 636 1440 sunt.
772 1385 775 1390 '
1385 1370 1391 1381 ⁵

296 1491 298 1494 ·
321 1466 404 1527 Inter
423 1468 493 1528 deos
513 1469 644 1529 Saliares
665 1471 831 1546 complures
851 1473 934 1547 sunt,
958 1471 1009 1548 qui
1034 1471 1158 1530 eandem
1181 1470 1244 1529 fere
1266 1471 1327 1530 vim
1346 1468 1404 1530 rir-

232 1559 390 1635 tutemque
417 1559 543 1635 habent,
571 1561 648 1635 qnod
676 1579 805 1635 quonam
829 1560 916 1619 modo
943 1559 1149 1634 explicandum
1176 1560 1216 1618 sit
1241 1559 1405 1635 quaeritur.

233 1646 326 1704 Velut
343 1645 488 1706 habemus
508 1652 538 1707 et
556 1648 663 1706 Ianum
681 1650 712 1706 et
730 1648 845 1723 Iovem,
869 1649 920 1724 qui
940 1650 1066 1725 uterque
1085 1647 1160 1708 caeli
1178 1648 1311 1724 lucisque
1330 1647 1403 1707 dens

232 1737 286 1810 est,
306 1735 433 1794 Martem
449 1754 482 1795 ac
497 1736 664 1815 Quirinum,
684 1756 759 1812 quae
780 1739 883 1797 eadem
896 1737 1020 1796 numina
1039 1756 1104 1796 esse
1123 1736 1261 1796 habenda
1275 1739 1403 1812 constat,

232 1822 395 1883 Saturnum
410 1828 441 1884 et
455 1825 572 1900 Oerum,
592 1827 642 1902 qui
661 1827 742 1886 idem
756 1826 873 1886 telluris
888 1845 1092 1904 agrorumque
1112 1825 1142 1884 di
1156 1828 1234 1886 sunt.
1266 1825 1307 1884 Et
1322 1825 1402 1884 Mars

231 1916 262 1971 et
280 1911 422 1983 Quirinus
442 1934 500 1990 qua
518 1934 551 1974 re
570 1916 683 1974 distent
706 1916 785 1974 inter
804 1935 835 1974 se
854 1919 958 1975 notum
978 1919 1037 1974 est:
1064 1915 1178 1974 seilicet
1196 1914 1278 1974 Mars
1297 1915 1403 1974 Roma-

230 2021 337 2061 norum
357 2001 430 2061 deus
450 2007 508 2079 est,
529 2003 670 2073 Quirinus
690 1998 915 2084 Sabinoroml);
939 2004 1042 2082 itaque
1064 2004 1189 2064 mixtam
1207 2003 1288 2081 apud
1306 2002 1402 2064 Salios

231 2094 262 2150 et
279 2091 445 2151 Romanam
463 2094 494 2152 et
513 2091 664 2152 Sabellam
683 2093 859 2169 religionem
885 2095 929 2153 ita
946 2095 1009 2154 fere
1028 2111 1106 2168 esse,
1129 2097 1164 2152 ut
1188 2093 1236 2154 dei
1257 2112 1317 2153 non
1336 2111 1401 2152 ooa-

232 2180 352 2256 luerint,
372 2181 423 2240 sed
442 2181 474 2239 in
488 2182 571 2240 cultu
585 2183 669 2242 iuxta
687 2185 806 2242 tantum
820 2183 913 2258 positi
928 2182 1213 2260 subintelligimus,
1233 2183 1285 2242 s'ed
1298 2185 1403 2258 postea

231 2269 311 2328 Mars
330 2269 444 2344 priores
461 2271 523 2346 egit
541 2274 652 2348 partes,
672 2270 788 2342 Quirini
806 2273 881 2332 adeo
901 2272 987 2332 obliti
1002 2275 1073 2332 sunt
1087 2272 1168 2345 Salii,
1188 2273 1222 2329 ut
1240 2291 1278 2329 ne
1296 2270 1327 2329 in
1342 2287 1403 2328 car-

229 2357 310 2416 mina
324 2358 443 2433 quidem
458 2361 643 2421 nomenoius
659 2362 838 2438 reciperent3
859 2379 1038 2438 quamquam
1058 2361 1089 2418 iu
1109 2361 1191 2419 cultu
1210 2378 1269 2418 non
1287 2359 1403 2437 neglec-

229 2450 294 2507 tum
310 2466 375 2506 esse
390 2446 548 2516 Quirinum
562 2449 600 2508 ab
611 2450 821 2526 Agonensibus
838 2449 927 2510 Saliis
943 2449 1105 2510 verisimile
1120 2451 1175 2508 est.
1209 2447 1307 2518 Quare
1321 2447 1402 2506 idem

230 2535 267 2596 <le
281 2537 353 2597 Iove
367 2555 402 2596 ac
415 2536 488 2597 Iano
503 2539 695 2598 statuendum
711 2540 782 2598 erit:
802 2544 891 2615 atque
907 2558 976 2598 oum
989 2539 1105 2615 Ianum,
1123 2541 1259 2613 quamvis
1273 2537 1402 2614 posteris

230 2627 409 2685 ememoria
427 2628 632 2704 religioneque
655 2647 831 2689 evanescere
855 2629 1003 2704 coepisset
1025 2631 1114 2704 atque
1134 2627 1285 2688 oblivione
1308 2645 1403 2702 paene

231 2715 356 2774 obrutus
372 2718 461 2793 esset,
478 2719 579 2775 tamen
594 2718 835 2793 antiquissimum
849 2718 1084 2794 primariumque
1099 2717 1299 2776 Romanorum
1314 2715 1402 2774 deum

229 2804 322 2862 fuisse
342 2806 373 2862 et
390 2804 458 2864 aliis
476 2805 592 2864 indiciis
612 2807 853 2884 testimoniisque
873 2809 990 2868 constet
1009 2810 1039 2866 et
1058 2806 1223 2866 carminum
1243 2804 1401 2863 Saliarium

233 2893 409 2970 fragmentis
432 2896 447 2951 1
478 2897 508 2953 et
528 2896 547 2954 3
567 2895 733 2971 evincatur,
756 2895 873 2971 Iovem,
901 2897 952 2971 qui
971 2895 1135 2955 recentiore
1159 2894 1279 2971 quidem
1303 2894 1402 2951 aetate

233 3000 367 3041 summus
387 2983 461 3042 caeli
479 2984 642 3061 mundique
666 3004 718 3045 rex
742 2985 822 3045 solus
841 2986 1020 3061 putabatur,
1043 2999 1104 3043 non
1127 2983 1240 3059 origine
1259 2982 1402 3055 Romana,

232 3072 283 3130 sed
311 3069 458 3131 Sabellica
481 3073 640 3132 oriundum
664 3079 732 3132 esse'
759 3072 904 3133 existimo.
949 3073 1051 3135 Iovem
1077 3071 1196 3147 quidem
1219 3070 1401 3131 Umbrorum

230 3160 318 3220 deum
336 3160 430 3221 fuisse
451 3181 486 3221 ex
504 3162 639 3239 Igurinis
657 3162 769 3222 tabulis
788 3161 960 3238 didicimus,
981 3162 1071 3221 etiam
1087 3159 1171 3221 Oscis
1191 3161 1317 3220 eundem
1335 3180 1402 3237 pro-

229 3250 328 3326 prium
351 3250 446 3311 fuisse
470 3250 777 3321 monumentis.Osois
800 3251 983 3328 declaratur,
1010 3250 1090 3326 apud
1113 3248 1205 3312 Oscos
1232 3251 1303 3310 solis
1329 3252 1402 3309 deus

229 3339 325 3398 faetus
341 3339 483 3399 Lucetius
502 3341 671 3417 appellatus
691 3343 750 3400 est:
770 3340 906 3401 atriden
926 3341 1017 3400 etiam
1036 3341 1067 3398 in
1085 3338 1265 3399 carminibus
1281 3338 1401 3398 Saliari-

229 3427 286 3486 bus
300 3426 366 3503 ipso
382 3429 437 3488 hoc
451 3429 570 3488 Lucerii
584 3429 758 3506 cognomine
770 3428 872 3489 Iovem
886 3431 1056 3506 praeditum
1071 3447 1145 3505 esse,
1160 3428 1400 3505 antiquissimum

231 3516 326 3594 igitur
343 3517 531 3596 migrationis
551 3518 734 3588 huiusIovis
748 3518 797 3576 dei
811 3519 977 3594 exemplum
997 3519 1053 3577 hoc
1067 3537 1187 3577 carmen
1200 3518 1342 3594 possides.
1360 3547 1397 3556 —

230 3605 394 3665 Saturnum
420 3625 487 3666 cum
507 3604 571 3683 Ope
594 3606 650 3666 <lea
668 3606 806 3684 Latinos,
829 3605 937 3666 Garum
958 3605 1155 3685 Cereremque
1179 3606 1311 3666 Sabellos
1336 3623 1400 3664 esse

229 3695 347 3754 collatis
367 3692 512 3755 Oscorum
530 3694 771 3774 Umbrorumque
794 3696 840 3756 dis
861 3695 947 3757 Oerfo
967 3695 1122 3774 Oerfiaque
1141 3698 1172 3754 et
1190 3695 1261 3754 Keri
1279 3693 1400 3754 Kerria-

196 3859 198 3864 .
229 3802 287 3860 que
307 3785 450 3859 sequitur.
489 3784 540 3843 Sin
560 3785 723 3845 Romanam
743 3786 933 3864 religionem,
959 3805 1048 3861 quam
1067 3785 1185 3862 quidem
1204 3785 1284 3859 apud
1303 3783 1400 3844 Salios

228 3872 322 3934 fuisse
337 3873 455 3947 scimus,
470 3873 543 3933 adeo
557 3874 649 3934 fuisse
664 3875 788 3934 mixtam
802 3894 869 3934 cum
884 3875 1032 3935 Sabellica
1044 3867 1254 3951 inungimus}
1263 3875 1320 3934 hoo
1334 3892 1399 3934 esse

228 3963 342 4022 factum
363 3961 496 4038 videtur,
520 3982 586 4022 cum
606 3964 736 4023 Palatini
756 3963 981 4041 Quirinalesque
1001 3962 1075 4023 Salii
1093 3963 1307 4023 consuetudine
1326 3961 1398 4040 qub-

229 4051 298 4110 dam
317 4054 407 4129 atque
427 4072 483 4113 usu
501 4053 653 4113 coniuncti
671 4055 749 4134 sunt.

227 4172 441 4184 -—-—-—··-·=-—

319 4242 344 4309 1)
359 4236 388 4294 O.
401 4239 516 4310 Preller,
535 4239 678 4297 Romrscbc
699 4241 867 4312 Mptbotopie
885 4241 936 4297 ool.
952 4242 973 4295 Ι
989 4241 1029 4298 ed.
1045 4244 1063 4296 3
1077 4257 1108 4310 p.
1123 4245 1189 4297 369.
