3132 4858
237 129 302 194 336
675 127 706 185 B.
720 127 966 184 Manranbrscher=

237 299 323 359 initio
345 299 467 375 linguae
491 297 751 374 indegermanicae
773 299 927 376 habuerit,
956 299 992 357 cf.
1016 299 1201 378 Bragmanni
1226 303 1410 380 „Graudrr'fs

238 391 265 448 d.
280 389 366 462 ueryl.
383 387 587 448 Grammublr
597 389 678 461 Hp.
689 387 768 460 353,·
782 388 884 464 itaque
899 391 952 446 aut
967 394 1048 447 errat
1063 388 1158 449 Varro
1172 395 1225 450 aut
1238 395 1405 472 repperisse

238 497 269 536 se
292 479 367 536 hanc
390 495 493 537 rocem
514 477 546 534 in
570 476 749 536 carminibus
773 476 937 537 Saliaribus
965 478 1075 537 alibive
1098 480 1227 555 turpiter
1250 485 1410 560 mentitum

236 567 312 625 illud
332 585 403 625 sane
429 567 525 640 magis
550 566 753 641 probaverim,
776 566 917 641 quoniam
939 567 1086 626 mendacii
1109 572 1260 628 auctorem
1285 571 1409 649 diligen·

237 655 387 714 tissimum
407 655 458 714 vix
477 655 633 730 quisquam
652 655 815 714 convincat.
853 655 971 714 Erroris
995 675 1066 715 vero
1090 675 1211 716 causam
1234 658 1327 718 fuisso
1351 663 1409 718 exi-

239 746 341 820 stimo,
370 744 448 819 quod
475 763 508 802 re
532 762 603 804 vera
627 744 723 802 Varro
747 745 861 803 formae
883 746 990 803 inuitos
1013 744 1197 805 simillimam
1224 748 1254 806 in
1280 750 1408 807 carmine

238 834 337 907 aliquo
357 832 506 891 Saliorum
525 833 653 909 legeret,
679 851 770 908 quam
789 837 842 892 aut
859 851 913 908 pcr
931 833 1146 910 negligentiam
1167 840 1222 894 aut
1241 837 1409 896 coniectura

241 913 370 981 ‘inuitos'
389 939 455 980 esse
474 922 581 981 debere
600 923 737 998 putaret3
759 925 789 980 et
807 922 883 981 hanc
901 922 983 982 vocis
1001 922 1128 980 formam
1148 917 1296 986 ‘inuitans'
1316 927 1407 985 fuisse
1463 965 1466 971 ·

242 1010 351 1069 collato
371 1012 493 1078 aedituo,
513 1014 621 1070 atrlluo
641 1011 824 1070 similibusve
843 1010 968 1085 conici03
987 1029 1123 1086 namque,
1143 1031 1219 1086 quae
1238 1016 1410 1088 postulatur

238 1100 305 1176 ipsa
317 1098 463 1159 Varronis
477 1101 578 1176 glossa
592 1099 769 1174 significatio
783 1099 1045 1173 ianitoris‚·inesse
1062 1100 1175 1158 ianituo
1190 1120 1267 1160 unus
1283 1103 1409 1179 quisque

237 1189 310 1247 mihi
329 1188 471 1246 concedet
494 1180 592 1268 (velut
615 1187 749 1246 aedituos
770 1181 837 1263 ‘qui
861 1189 963 1248 aedem
988 1182 1105 1247 tuetur'
1125 1188 1168 1247 ita
1190 1190 1323 1249 ianituns
1343 1185 1410 1266 ‘qui
1515 1206 1518 1215 ⁴
1544 1151 1545 1218 l

236 1278 357 1336 ianuam
376 1269 548 1357 tuetur’).1)

325 1365 459 1425 Ianituos
476 1367 494 1424 i.
506 1385 531 1426 e.
541 1365 651 1425 ianitor
659 1365 750 1424 Ianus
766 1367 838 1425 deus
849 1365 946 1426 dictus
957 1384 1022 1426 esse
1037 1366 1111 1424 mihi
1121 1366 1248 1446 videtur,
1263 1367 1300 1426 cf.
1311 1366 1409 1427 Ovidii

238 1455 305 1514 fast.
325 1454 340 1512 I
357 1457 433 1513 137:
1190 1525 1194 1535 Ι

434 1538 547 1619 ‘thue
567 1545 672 1603 sedens
691 1544 780 1619 primi
798 1547 900 1603 vester
916 1563 1009 1620 prope
1028 1543 1132 1603 limina
1151 1547 1223 1604 tecti

479 1631 594 1692 Ianitor
613 1651 751 1708 egressus
768 1633 969 1709 introitusque
990 1634 1079 1712 videt,

436 1720 483 1780 Sic
502 1741 559 1797 ego
578 1721 726 1798 perspicio
745 1722 883 1782 caelestis
902 1721 1012 1782 ianitor
1031 1717 1128 1782 aulae‘

479 1811 558 1870 ans
576 1815 677 1887 partes
697 1812 911 1888 hesperiasque
930 1805 1036 1871 simul'

238 1937 365 1995 quocum
380 1917 515 1977 conferas
531 1918 634 1977 Horat.
650 1918 735 1993 epist.
749 1919 779 1977 Il
796 1921 824 1994 1,
840 1919 917 1978 255:
933 1911 1143 1994 ‘claustraque
1158 1920 1312 1978 custodem
1326 1919 1408 1994 pacis

240 2007 411 2066 cohibentia
425 1999 543 2064 lanum'
558 2008 669 2067 aliosve
683 2008 772 2066 locos.
799 2006 899 2084 Atque
918 2007 991 2066 haec
1004 2007 1070 2066 Iani
1086 2009 1193 2067 summi
1207 2006 1408 2067 Romanorum

238 2095 454 2173 antiquissimis
478 2096 663 2171 temporibus
689 2097 738 2155 dei
760 2115 828 2154 cum
851 2098 932 2173 iano,
956 2096 1059 2170 ianua,
1088 2097 1201 2156 ianituo
1225 2098 1411 2173 ianitoreque

239 2185 422 2260 comparatio
450 2185 571 2243 minime
593 2184 632 2243 ad
654 2185 798 2244 virtutem
824 2186 1034 2261 notionemque
1053 2187 1131 2262 eius,
1161 2187 1258 2262 qualis
1281 2205 1313 2245 re
1339 2204 1411 2247 vera

238 2275 297 2332 fuit
315 2275 466 2348 pertinere
481 2277 589 2349 potest,
609 2269 675 2333 orta'
695 2279 795 2333 autem
815 2278 861 2334 est
881 2294 916 2333 ex
935 2275 1117 2351 etymologia
1137 2276 1266 2351 quadam
1284 2274 1412 2350 vulgari,

238 2383 297 2440 qua
315 2364 397 2438 deus,
417 2363 470 2439 qui
487 2383 540 2438 per
554 2364 655 2424 Iovem
674 2364 734 2421 iarn
749 2365 877 2440 opprimi
896 2364 994 2439 coepit
1013 2364 1156 2440 cuiusque
1175 2365 1225 2424 vix
1242 2364 1302 2422 iam
1321 2363 1410 2422 remi-

237 2453 429 2511 niscebantur
438 2452 573 2526 Romani,
588 2453 745 2511 ianuarum
755 2458 969 2530 portarumque
980 2454 1114 2512 dominus
1127 2454 1261 2512 redditus
1272 2457 1330 2530 est3
1346 2472 1413 2512 con-

237 2543 316 2600 feras
336 2559 446 2617 quaeso
463 2541 596 2618 Lycurgi
616 2543 802 2618 aliorumque
821 2544 896 2602 lucis
916 2543 1025 2601 solisve
1045 2535 1169 2602 deorum
1188 2543 1268 2619 apud
1282 2542 1412 2602 Graecos

238 2650 304 2688 cum
323 2631 401 2708 lupis
421 2632 629 2707 cognationem
649 2633 696 2691 vel
713 2631 925 2706 Epimetheum
944 2631 1063 2708 vulgari
1082 2633 1265 2710 etymologia
1287 2651 1323 2690 ex
1343 2632 1413 2689 Pro-

238 2722 356 2779 metheo
376 2713 592 2795 (Promctbo’)
613 2701 720 2780 ortirm.

330 2846 466 2904 Versus
485 2845 638 2904 Iunonii.

328 2946 361 3012 5.
385 2951 482 3010 Varro
501 2952 537 3009 de
557 2952 628 3028 ling.
647 2952 700 3009 lat.
719 2952 762 3009 IX
778 2952 833 3009 61:
858 2945 1070 3010 ‘Praenomina
1093 2951 1251 3008 mulierum
1276 2949 1412 3025 antiqua-

238 3062 307 3100 rum
327 3041 437 3117 Mania,
455 3039 561 3114 Lucia,
580 3039 749 3117 Postumia3
768 3041 902 3098 videmus
922 3040 1001 3099 enim
1020 3039 1150 3098 Maniam
1169 3042 1297 3097 matrem
1315 3039 1413 3097 larum

239 3132 305 3208 dici,
324 3131 468 3189 Luciam
488 3128 715 3188 Voluminam
736 3127 883 3187 Saliorum
902 3128 1083 3188 carminibus
1102 3121 1259 3204 appellari’
1279 3130 1334 3187 etc.

329 3229 403 3283 Var.
417 3228 509 3282 lect:
538 3226 732 3298 Voluminam]
746 3225 936 3283 Velaminiam
950 3227 980 3280 F
992 3227 1138 3294 Varronis,
1158 3226 1325 3281 Volumnum
1344 3243 1412 3282 corr.

242 3303 368 3369 chder,
391 3301 440 3369 qui
461 3301 533 3354 idern
556 3301 651 3353 melias
669 3298 848 3354 Voluminam
872 3300 983 3369 arrepsit
1003 3297 1119 3354 ‘Varslrs
1141 3299 1245 3353 italici'
1262 3317 1292 3368 p.
1310 3303 1345 3353 31
1352 3319 1361 3363 ;
1383 3299 1414 3351 ln

243 3373 397 3443 Augustini
415 3373 472 3426 loco
490 3373 522 3424 in
540 3386 633 3425 comm.
652 3372 737 3426 allato
756 3371 912 3426 Volumnae
930 3372 1028 3425 babeat
1046 3371 1115 3438 FO,
1135 3369 1301 3424 Voluminae
1319 3370 1355 3425 A.

328 3468 517 3528 Comment.
570 3468 784 3542 Fragmentum
812 3469 888 3527 bene
916 3467 1058 3542 explicuit
1085 3468 1271 3543 correxitque
1300 3468 1414 3525 Zander

239 3560 348 3619 collato
369 3556 537 3636 Augustino
563 3557 599 3615 de
623 3557 678 3616 civ.
698 3555 754 3614 Dei
772 3557 815 3615 IV
836 3560 892 3616 21:
917 3551 1009 3626 ‘Quid
1032 3575 1153 3616 neccsse
1177 3560 1243 3614 erat
1262 3555 1317 3629 Opi
1341 3555 1413 3612 deae

239 3649 446 3708 commendare
461 3649 617 3705 nascentes
634 3690 641 3703 .
656 3690 663 3703 .
679 3691 686 3705 .
701 3691 707 3704 .
725 3647 799 3705 <leae
814 3647 916 3722 Menti,
935 3651 971 3704 ut
989 3646 1098 3705 bonam
1116 3647 1261 3703 haberent
1274 3646 1414 3716 mentem,

240 3739 295 3796 deo
310 3737 459 3796 Volumno
474 3740 505 3794 et
519 3737 590 3794 deae
605 3736 782 3795 Voluminae
802 3743 835 3794 ut
849 3738 927 3796 bona
940 3729 1070 3794 vellent'
1082 3758 1089 3811 3
1109 3735 1185 3792 hanc
1202 3733 1278 3791 enim
1293 3750 1414 3791 nascen-

239 3829 314 3886 tium
333 3828 420 3885 deam
439 3825 561 3883 Luciam
581 3824 773 3884 Voluminam
797 3826 860 3885 sive
873 3824 1060 3884 Volumnum
1087 3824 1210 3881 eandem
1235 3840 1298 3880 esse
1324 3841 1414 3896 quam

239 3917 384 3975 Iunonem
408 3914 552 3973 Lucinam
575 3914 654 3972 idem
678 3915 862 3989 observavit3
891 3915 967 3973 falso
992 3917 1081 3971 antea
1104 3911 1237 3970 mulieris
1261 3911 1413 3970 cuiusdam

240 4007 339 4065 clarae
361 4023 469 4064 nomen
494 4005 572 4061 inter
596 4004 728 4061 carmina
750 4002 879 4061 Saliaria
897 4003 1032 4078 positum
1052 4019 1117 4059 esse
1138 4000 1217 4059 docti
1236 4002 1416 4075 putaverant

241 4089 340 4174 (velut
349 4093 638 4171 Marquardt„R‹irn.
648 4091 853 4153 Stacbucrw.“
863 4093 927 4150 III
935 4093 977 4150 cd.
987 4094 1046 4164 212.
1056 4091 1118 4149 438
1131 4092 1199 4149 adn.
1214 4093 1244 4148 et
1255 4082 1413 4166 Bahrens).

335 4250 361 4318 1)
381 4247 511 4301 Ceterum
530 4245 587 4300 iam
606 4245 759 4300 Zanderum
780 4244 935 4312 ‘turritana'
956 4242 1108 4299 coniecisse
1132 4259 1166 4297 ex
1184 4242 1276 4297 indice
1297 4240 1415 4296 editioni

161 4345 164 4352 ·
246 4319 305 4374 eius
325 4319 431 4375 adnexo
450 4313 601 4374 novissime
619 4317 767 4388 perspicio.
