3132 4858
597 1277 850 1365 Prolegonrena.

228 1446 262 1517 1.
292 1455 342 1514 De
366 1456 478 1515 Saliis
503 1407 794 1534 sacerdotibus.¹)

229 1561 325 1644 Salios
352 1561 446 1621 tuisse
474 1561 633 1638 collegium
659 1561 775 1621 Latinis
802 1561 851 1620 vol
879 1561 1015 1620 omnibus
1039 1561 1126 1621 Italis
1154 1581 1309 1622 commune

141 1653 260 1710 constat
279 1652 547 1727 comprobaturque
563 1651 637 1711 locis
652 1651 726 1710 satis
740 1651 801 1709 iam
815 1669 834 1709 a
848 1650 1051 1726 Marquardtio
1066 1651 1208 1724 collectis,
1226 1653 1310 1712 velut

137 1740 169 1797 in
193 1739 281 1799 Latio
310 1741 433 1800 fuerunt
457 1740 530 1800 Salii
552 1740 648 1799 Albae
677 1741 799 1817 longae,
827 1738 997 1818 Anagniae,
1025 1739 1166 1816 Lanuvii,
1195 1739 1310 1819 Tiburi,

138 1829 274 1906 Tusculi,
292 1829 372 1888 unde
391 1848 441 1889 eos
460 1849 514 1906 per
533 1828 641 1888 civium
660 1830 863 1889 Romanorum
881 1828 1093 1888 latinorumve
1112 1830 1242 1888 colonias
1262 1831 1310 1888 de-

135 1919 215 1977 latos
239 1923 312 1994 puto
338 1920 427 1977 etiam
447 1920 477 1977 in
497 1919 626 1977 Galliam
646 1918 833 1994 cisalpinam,
857 1918 934 1977 sicut
952 1917 1118 1994 Veronam,
1141 1917 1309 1994 Patavium,

138 2007 285 2083 Ticinum,
300 2009 371 2084 quin
385 2007 415 2066 in
431 2008 598 2084 provincias
613 2011 697 2066 trans
711 2025 794 2066 mare
809 2007 893 2080 sitas,
906 2007 991 2067 uelut
1001 2005 1178 2084 Saguntum.
1205 2007 1308 2068 Etiam

136 2096 217 2172 apud
232 2095 361 2155 Umbros
382 2096 516 2156 extitisse
532 2095 627 2156 Salios
647 2097 783 2173 sequitur
802 2115 817 2155 e
837 2097 942 2155 tabula
955 2096 1084 2172 iguvina
1094 2095 1176 2154 VIA
1189 2098 1238 2172 14,
1257 2098 1308 2156 ubi

138 2187 168 2243 in
197 2185 414 2244 constituendis
442 2185 547 2262 templi
573 2185 683 2245 finibus
712 2179 854 2244 ‘tettome
882 2185 1008 2263 Nomen,
1040 2187 1166 2244 tettome
1195 2179 1308 2245 Salier'

137 2267 195 2353 (=
215 2276 253 2333 ad
272 2275 419 2351 templum
438 2275 554 2335 Noniae
573 2279 604 2334 et
622 2275 661 2333 ad
679 2275 825 2350 templum
841 2265 933 2356 ¹Salii)
952 2273 1070 2334 dicitur.
1106 2273 1213 2350 Itaque
1230 2276 1309 2334 inter

137 2365 340 2424 Romanorum
369 2363 538 2424 sacerdotes
567 2364 656 2424 etiam
683 2362 780 2423 Salios
808 2362 900 2423 finisse
928 2382 988 2422 non
1013 2365 1060 2423 est
1083 2381 1135 2422 cur
1158 2363 1309 2442 miremur,

134 2454 280 2513 miramur
303 2473 375 2513 sane
398 2454 457 2514 duo
481 2454 530 2513 vel
551 2454 630 2513 forte
653 2453 713 2512 tria
735 2453 779 2511 ibi
801 2452 928 2529 reperiri
952 2451 1101 2512 Saliorum
1125 2471 1250 2532 genera,
1278 2459 1309 2513 et

134 2542 286 2602 Palatinos
315 2547 346 2602 et
373 2541 504 2602 Collinos
533 2535 612 2625 (sive
631 2541 799 2613 Quirinales
818 2533 1059 2623 Agonensesve),
1087 2543 1195 2618 quibus
1225 2543 1309 2602 tertii

133 2632 262 2691 forsitan
276 2633 510 2691 adnumerentur·
524 2631 644 2692 Pavorii
658 2631 850 2706 Palloriique.
878 2631 1032 2690 Palatinos
1047 2631 1166 2706 quidem
1182 2631 1309 2690 aNuma

134 2740 206 2797 rege
224 2721 380 2780 institutos
400 2739 466 2781 esse
484 2723 586 2782 vetere
604 2721 684 2795 apud
698 2721 848 2780 Romanos
863 2723 998 2780 auctores
1012 2721 1157 2780 memoria
1171 2723 1308 2780 sanctum

136 2814 202 2869 erat
221 2803 271 2891 (cf.
291 2810 355 2870 Liv.
371 2810 387 2869 I
404 2812 453 2885 20,
468 2811 498 2883 4,
517 2810 597 2870 Plut.
611 2809 701 2868 Num.
716 2829 739 2870 c.
757 2811 808 2885 13,
826 2813 905 2868 auct.
920 2809 956 2869 de
970 2810 1025 2870 vir.
1039 2811 1081 2868 ill.
1096 2829 1119 2869 c.
1135 2811 1165 2886 3,
1183 2809 1306 2888 Dionys.

133 2899 324 2976 1170-71,
343 2898 429 2960 Ovio.
448 2901 517 2960 fast.
536 2900 787 2975 1112632—398,
806 2899 925 2976 Lydum
944 2899 980 2958 de
1000 2918 1092 2958 mena
1106 2897 1151 2958 IV
1166 2901 1200 2978 2,
1223 2900 1306 2960 Paul.

135 2987 217 3048 Diae.
242 3008 277 3047 ex
300 2989 381 3048 Fest.
400 3009 428 3064 p.
445 2991 485 3049 99
498 2989 566 3064 Tu,
589 2991 648 3048 131
662 2983 726 3068 Μ.)
769 2987 899 3047 Collinos
928 2987 1058 3046 aTullo
1084 2987 1213 3048 Hostilio
1242 3008 1307 3048 esse

136 3075 253 3136 additos
277 3077 412 3152 plerique
435 3080 582 3153 putarunt
605 3080 736 3154 veteres,
766 3078 848 3137 velut
873 3077 995 3154 Dionys.
1018 3077 1087 3136 hist.
1107 3077 1189 3138 Rom.
1204 3077 1234 3136 Π
1251 3080 1306 3138 7οτ

135 3156 182 3221 *οἱ
202 3160 260 3237 μὲν
279 3160 340 3238 γὰρ
359 3159 552 3237 Ἀγωναλεῖς
571 3161 635 3225 ὑπὸ
655 3163 690 3226 δέ
709 3181 807 3226 τινων
826 3163 973 3225 Κολλῖνοι
993 3160 1185 3240 καλούμενοι
1199 3161 1308 3227 (άλιοι

134 3298 186 3312 ...
206 3247 438 3326 ἀπεδείχθηεαν
457 3248 521 3312 ὑπὸ
542 3251 694 3328 βαειλέωε
712 3246 896 3328 (Οετιλὶουζ
914 3253 986 3312 item
1005 3253 1124 3328 11132,
1148 3251 1228 3314 (lass.
1249 3256 1306 3315 Dio

133 3344 169 3400 fr.
186 3345 215 3417 6,
231 3344 264 3402 5:
288 3335 362 3401 ‘rob
387 3338 422 3402 δὲ
446 3336 535 3402 θείου
558 3335 643 3401 πάνυ
662 3339 907 3418 καταφρονήεαε
926 3340 1114 3418 παρημέλει,
1139 3341 1248 3419 μέχρι(
1267 3339 1307 3405 οὗ

51 3430 57 3452 ’
133 3425 247 3491 rorone
267 3427 425 3506 λιμώοονε
444 3428 619 3506 γενομένη(
636 3427 687 3491 καὶ
705 3427 802 3492 αὐτὸ(
817 3427 1009 3507 ἠρρώετηεε·
1027 3427 1101 3492 τότε
1116 3429 1177 3507 γὰρ
1191 3432 1257 3493 τῶν
1271 3451 1306 3494 τε

134 3515 243 3580 ἄλλων
253 3519 337 3580 θεῶν
348 3513 560 3596 oscannum
570 3517 750 3596 ἐπεμελήθη
760 3518 811 3581 καὶ
820 3515 1036 3582 resecatione
1046 3519 1122 3582 sobo
1134 3518 1306 3583 Κολλίνου(

134 3602 404 3684 προ(κατὲετη(ε.’
429 3609 569 3668 Alienam
584 3610 619 3669 de
635 3609 723 3669 Saliis
738 3609 862 3669 Collinis
878 3611 1058 3670 sententiam
1072 3611 1199 3687 protulit
1208 3611 1306 3671 Varro

134 3698 336 3758 del.l.V114:
352 3692 430 3758 ‘Duo
445 3701 516 3758 sunt
531 3717 642 3773 genera
652 3698 809 3772 Saliorum,
823 3699 900 3758 sicut
909 3700 941 3757 in
951 3698 1115 3760 Saliaribus
1126 3700 1306 3762 carminibus

134 3788 293 3864 invenitur,
313 3786 422 3848 collini
439 3793 469 3848 et
483 3787 652 3858 Quirinales
667 3807 685 3847 a
699 3787 800 3846 Numa
812 3787 953 3865 instituti,
968 3788 1006 3847 ab
1021 3787 1151 3848 Hostilio
1165 3808 1237 3849 vero
1251 3791 1305 3849 Pa-

133 3877 210 3937 vorii
232 3881 264 3936 et
282 3877 405 3937 Pallorii
423 3869 577 3936 institut’'
598 3869 777 3936 'Praeterea
795 3877 918 3935 fuerunt
936 3894 1007 3935 sane
1027 3876 1077 3952 qui
1095 3879 1305 3954 grammatico-

132 3985 199 4026 rum
214 3968 412 4027 recentiorum
431 3985 514 4027 more
528 3965 626 4026 Salios
640 3964 763 4026 Graecis
778 3965 951 4026 Etruscisne
965 3965 1068 4024 deberi
1081 3967 1302 4028 contenderent.

223 4155 250 4224 1)
267 4155 308 4209 ne
333 4153 418 4208 sara
442 4155 477 4210 of.
501 4153 680 4223 uarqausc,
703 4154 846 4210 aalma
868 4153 1148 4226 sacramanta,
1171 4122 1224 4209 cu.
1244 4155 1308 4209 111

134 4226 212 4282 aaut
237 4243 267 4294 p.
287 4229 409 4294 427aq.,·
442 4227 521 4280 cuius
548 4225 731 4310 luculentam·
749 4226 951 4308 copiosamque
976 4224 1242 4309 commentationem
1269 4245 1305 4311 ne

134 4312 405 4438 {ipffagffidiffi
414 4299 733 4440 elsigraipirittimimmm
746 4313 852 4369 paucas
865 4313 910 4353 res
923 4299 970 4352 luc
983 4297 1120 4367 tractabo,
1140 4297 1175 4352 de
1189 4298 1304 4367 reliquis
