3132 4858
501 161 503 164 ’
525 151 683 208 carminum
706 151 857 207 Saliarium
875 150 1018 222 reliquiae.
1286 149 1350 212 339

186 323 305 381 Aelium
334 322 486 381 existimas
510 322 621 382 formas
646 340 661 380 c
685 321 808 381 libidine
830 319 998 398 figurasse?
1035 319 1075 378 Et
1098 320 1196 378 hercle
1224 320 1350 379 formam

185 412 319 471 finxisset
337 411 542 484 rectissimam,
562 429 741 486 quamquam
761 410 880 469 aliunde
899 429 964 469 cam
982 427 1070 468 nosse
1088 427 1148 468 non
1166 407 1278 483 potuit!
1310 410 1352 466 At

184 501 294 558 iustam
313 501 536 576 disciplinarum
560 500 807 576 philologicarum
826 499 972 558 rationem
992 498 1017 557 si
1037 498 1185 574 sequaris,
1210 499 1350 557 concedes

183 590 310 647 formam
334 589 379 648 bis
399 589 542 647 traditam
561 607 615 648 nec
633 608 686 663 per
709 589 922 665 grammatices
941 589 1024 663 leges
1048 587 1155 646 falsam
1173 605 1350 646 conservan-

183 679 251 736 dam
271 681 349 737 csse!

272 767 337 825 Iam
364 766 432 825 finis
465 766 626 842 fragmenti
654 766 800 841 quomodo
829 765 1001 826 scribendus
1034 764 1286 840 explicandusque
1313 764 1352 823 sit

188 856 352 934 quaeritur,
372 875 460 932 quem
479 874 533 932 ego
554 854 693 914 dubitans
712 855 776 930 ipse
794 855 914 931 quidem
932 855 977 913 ita
995 855 1114 912 restitui
1134 847 1264 927 ‘quotque
1278 856 1350 912 circi

184 938 254 1006 dci'.
291 944 336 1003 Ac
354 946 446 1005 uerba
463 945 494 1003 in
513 943 662 1002 codicibus
682 945 788 1003 misere
807 945 939 1003 lacerata
957 943 1118 1018 fragmenti
1133 941 1257 1001 Saliaris
1277 960 1350 1014 esse,

187 1052 262 1110 quae
277 1052 349 1092 sane
363 1035 433 1093 libri
448 1033 590 1092 exhibent
608 1026 685 1092 ‘curn
703 1026 843 1091 tooorcrn'
862 1035 996 1108 apertam
1013 1050 1077 1091 esse
1090 1031 1353 1108 interpolationem

185 1142 221 1181 ex
246 1122 450 1200 dittographia
473 1122 587 1182 scilicet
609 1122 690 1180 illius
710 1115 846 1196 '‘quomrac
869 1115 962 1180 torros'
986 1125 1084 1180 ortam
1108 1121 1259 1193 existimo,
1287 1119 1351 1178 lor·
1429 1169 1431 1173 ,

137 1235 140 1241 ’
185 1213 295 1270 danum
317 1211 535 1288 quodammodo
559 1214 692 1286 secutus3
715 1211 767 1287 qui
786 1211 905 1287 quidem
924 1230 991 1270 cum
1009 1213 1104 1270 totam
1127 1210 1210 1268 illam
1235 1211 1352 1268 senten-

184 1303 259 1360 tiam
278 1305 450 1376 corruptam
468 1318 522 1375 pro
537 1299 639 1359 Scauri
653 1301 698 1359 vel
719 1299 942 1375 interpolatoris
957 1299 1082 1358 alicuius
1096 1300 1195 1358 verbis
1215 1298 1354 1358 habuerit

184 1391 277 1448 falsus
302 1408 366 1455 esse
390 1390 523 1465 videtur,
546 1407 641 1464 neque
665 1388 743 1446 enim
771 1389 814 1447 ita
841 1407 943 1448 vocem
971 1393 1101 1446 terrerem
1128 1387 1261 1446 additam
1290 1406 1355 1446 csse

185 1479 332 1556 explicare
360 1479 480 1554 poteria
517 1477 553 1536 In
571 1477 672 1537 verbis
700 1477 847 1552 corruptis
875 1477 973 1536 inesse
998 1477 1162 1535 subiectum
1184 1476 1267 1535 verbi
1286 1470 1355 1534 ‘trc-

184 1561 289 1626 mcrrti'
313 1570 398 1643 patet
421 1569 545 1643 iureque
568 1568 678 1642 similia
701 1568 739 1625 eb
763 1566 894 1640 Havete,
915 1567 1110 1642 Baehrensio,
1129 1565 1262 1624 Zandero
1287 1583 1353 1623 con·
1405 1629 1407 1633 ,

186 1657 263 1715 iecta
282 1661 360 1716 sunt.
398 1657 573 1715 Memoriam
592 1675 663 1716 vcro
682 1655 708 1714 si
727 1675 816 1732 quam
836 1656 984 1714 artissime
1004 1674 1178 1731 sequamur,
1198 1654 1355 1730 perspicie-

184 1764 264 1823 mus,
297 1747 401 1805 adesse
429 1746 515 1805 nobis
542 1746 700 1804 relatiuam
730 1745 863 1820 aliquam
889 1746 1015 1804 formam
1040 1749 1107 1816 quot
1136 1745 1184 1804 vel
1213 1747 1279 1816 quoi
1306 1745 1355 1802 vel

186 1835 295 1909 simile,
320 1835 425 1894 deinde
448 1828 663 1894 nominativum
687 1835 836 1910 pluralem
854 1835 886 1892 in
909 1836 935 1892 ci
958 1837 1114 1892 exeuntem
1138 1828 1217 1912 (sive
1235 1833 1354 1891 dualem

186 1943 254 1981 enm
277 1925 429 2000 appellare
454 1914 577 2004 mavis),
600 1927 751 1999 postremo
777 1925 895 1982 decrero
918 1922 1109 1998 vocabulum3
1133 1923 1262 1981 forsitan
1284 1921 1357 1980 insit

186 2032 302 2089 quoque
325 2015 366 2072 ibi
389 2006 473 2094 (ibai)
492 2013 541 2072 vel
558 2015 609 2072 irbi
622 2013 671 2072 vel
690 2013 756 2072 tibet
773 2013 906 2073 conicere
925 2012 1031 2087 possis.
1060 2011 1173 2080 Quibus
1193 2030 1208 2070 c
1227 2011 1356 2069 traditae

186 2102 321 2161 lectionis
340 2103 477 2179 vestigiis
500 2102 532 2160 id
549 2104 628 2177 quod
655 2102 871 2178 suprascripsi
893 2101 1052 2161 restituere
1076 2103 1200 2159 conatus
1221 2119 1299 2176 sum3
1318 2101 1354 2157 ad

184 2191 297 2250 tradite
312 2191 403 2250 verba
421 2191 543 2268 propius
562 2191 726 2265 accederet,
746 2191 772 2248 si
790 2191 923 2264 quotlibet
942 2189 1146 2264 scriberemus,
1166 2192 1199 2248 at
1217 2189 1273 2248 hoc
1290 2208 1356 2248 rer-

184 2282 256 2338 bum
280 2300 297 2338 a
316 2281 497 2339 carminibus
522 2277 685 2339 Saliaribus
705 2298 777 2339 sane
802 2281 932 2339 alienum
952 2296 1017 2338 esse
1040 2280 1131 2352 duco,
1155 2283 1275 2352 quotque
1298 2277 1356 2336 etsi

186 2369 257 2428 alibi
276 2388 335 2427 non
354 2369 485 2429 traditur
503 2373 605 2428 tamen
623 2371 704 2428 recte
723 2369 886 2428 formatum
906 2372 959 2428 est.

277 2522 325 2588 7*.
362 2529 568 2589 Foedesum.

275 2627 349 2683 Ver.
369 2629 460 2683 lect:
480 2621 569 2681 Verrb
588 2629 622 2681 de
641 2628 659 2682 l.
676 2627 694 2681 l.
709 2627 762 2681 VII
777 2634 810 2681 26
830 2629 878 2696 (cf.
897 2629 933 2693 fr.
949 2632 967 2682 2
986 2631 1011 2680 ct
1028 2629 1069 2696 4):
1089 2627 1240 2694 foedesam,
1260 2625 1354 2680 foede-

188 2702 262 2752 rum‘
277 2731 310 2739 —
329 2700 466 2767 fedesum,
485 2700 610 2752 foderum
629 2699 665 2765 F,
685 2717 703 2752 o
723 2699 847 2753 Varrone
863 2701 952 2768 icitur
971 2701 1151 2766 asscriptum
1170 2715 1223 2752 csse
1240 2699 1357 2762 viciatam,

185 2773 258 2840 qaod
275 2773 307 2824 ia
326 2771 404 2825 libris
422 2773 454 2824 ia
476 2771 610 2825 amatori
628 2771 703 2838 sciet,
720 2787 836 2839 nuncque
854 2773 882 2824 ci
900 2772 924 2824 si
948 2769 1038 2824 Varro
1055 2771 1206 2836 habuisset*
1222 2770 1308 2823 oliam
1326 2771 1358 2822 ia

185 2844 293 2897 modern
317 2844 428 2897 librarii
446 2844 635 2911 corrupissent.
672 2841 792 2896 Soiicris
814 2842 946 2896 carminis
969 2841 1106 2895 ioidcsom
1128 2843 1196 2910 qaia
1212 2842 1357 2910 propriora

187 2915 273 2980 fuerit
286 2916 387 2984 procul
403 2915 487 2969 dubio
506 2919 552 2968 est.

276 3009 465 3071 Comment.
503 3010 668 3070 Foederum
692 3011 804 3069 mentio
827 3010 907 3068 fecta
931 3029 996 3068 esse
1018 3010 1138 3069 videtur
1162 3010 1192 3066 in
1218 3009 1357 3080 carmine,

187 3119 245 3175 quo
265 3101 351 3177 deus,
371 3102 418 3158 eui
437 3100 536 3160 omnia
554 3103 655 3176 pacta,
673 3099 809 3178 foedera,
827 3098 894 3157 iura
912 3100 1039 3158 iuranda
1058 3116 1142 3156 sacra
1166 3104 1265 3172 erant,
1285 3099 1358 3157 cele-

187 3188 346 3266 brabatur,
369 3189 472 3266 itaque
491 3190 527 3247 ad
546 3188 647 3247 Iovem
666 3188 794 3247 Diumue
813 3188 933 3244 Fidium
953 3188 1152 3263 fragmentum
1171 3187 1227 3246 hoc
1251 3187 1357 3246 refero
1451 3229 1464 3252 a

188 3277 326 3336 Ceterum
350 3278 441 3336 etiam
464 3278 537 3336 Iano
561 3277 726 3352 antiquitus
750 3277 871 3334 foedera
897 3279 1000 3334 sancta
1022 3275 1116 3334 fuisse
1140 3294 1155 3332 e
1184 3277 1358 3354 cognomine

188 3358 252 3426 aius
272 3366 365 3426 Sanco
385 3385 478 3444 supra
496 3365 626 3426 conclusi
647 3357 717 3444 (oid.
742 3383 839 3423 corun.
859 3367 899 3424 od
917 3367 955 3438 fr.
974 3367 1042 3438 21).
1061 3356 1148 3446 334),
1167 3369 1268 3424 tamen
1291 3384 1357 3439 pro-

189 3456 375 3514 babilitatem
396 3457 537 3516 maiorem
557 3474 651 3531 eaque
669 3473 745 3530 quae
765 3457 902 3513 constant
921 3453 1004 3529 sequi
1023 3454 1137 3512 malui.-

278 3616 444 3676 Oarmina
462 3616 499 3674 in
518 3616 679 3674 Martem:

239 3737 243 3744 ’
280 3735 310 3800 8.
348 3743 498 3800 Mamuri
517 3739 650 3799 Veturi.

279 3840 475 3895 Testimon.:
494 3839 583 3894 Varro
603 3839 637 3892 dc
651 3838 720 3906 ling.
734 3837 783 3891 lat.
801 3837 837 3888 VI
852 3843 899 3891 49:
921 3837 1068 3892 ‘Memoria
1088 3853 1159 3905 quae
1174 3854 1191 3889 a
1206 3839 1352 3904 manendo,

190 3914 221 3965 ut
239 3911 406 3965 Manimoria
423 3912 519 3981 potest
538 3927 596 3964 esse
616 3909 704 3976 dicta;
722 3907 817 3977 itaque
838 3908 906 3962 Salii
926 3908 1001 3976 quod
1020 3911 1135 3963 cantant
1150 3907 1289 3977 „Mamuri
1303 3906 1357 3961 Ve-

189 3983 264 4036 turi“
288 3982 446 4052 significent
468 3982 631 4036 memoriam
656 3978 843 4052 <vetercm>.'
870 4011 902 4018 -
927 3981 1000 4033 Plut.
1024 3979 1116 4033 Numa
1134 3995 1157 4032 c.
1175 3984 1207 4031 13
1222 3979 1281 4031 fin:
1311 3981 1358 4048 Τῷ

190 4057 220 4108 δὲ
239 4053 394 4121 Mancupia]
416 4054 524 4118 λέγουει
546 4053 640 4119 μιεθὸν
658 4053 781 4117 γενέεθαι
799 4057 850 4118 τῆ(
868 4052 966 4118 τέχνη(
985 4051 1091 4119 ἐκείνη(
1110 4052 1219 4118 μνήμην
1238 4050 1300 4102 τινὰ
1315 4051 1359 4116 ¹br’

189 4129 265 4196 ᾠδὴ(
282 4126 337 4178 ὑπὸ
355 4129 413 4177 τῶν
428 4125 532 4178 (αλίων
551 4126 607 4190 ἅμα
623 4130 657 4192 τῇ
676 4123 795 4192 πυρρίχῃ
815 4124 1067 4190 διαπεραινομένηε.
1096 4122 1122 4174 οἱ
1142 4123 1172 4175 δὲ
1191 4123 1224 4173 οὐ
1239 4122 1358 4174 Οὐετού-

189 4215 250 4264 ριον
273 4197 437 4262 Μαμούριον
460 4195 531 4249 εἶναί
553 4213 617 4262 porr
640 4197 690 4248 τὸν
714 4197 851 4264 ᾀδόμενον
874 4195 942 4248 ἀλλὰ
969 4196 1100 4261 οὐετέρεμ
1120 4191 1267 4261 μεμορίαμ,
1292 4193 1359 4259 ὅπερ

191 4271 245 4323 test
263 4269 382 4322 παλαιὰν
401 4267 518 4333 μνήμην.
541 4298 570 4304 -
591 4267 669 4323 Paul.
687 4267 765 4320 Diae.
787 4283 801 4318 e
821 4265 893 4319 Fest.
909 4282 936 4333 p.
953 4272 986 4319 99
1002 4266 1088 4333 (1302
1115 4263 1247 4317 ‘Mamuri
1264 4263 1360 4317 Veturi

191 4357 291 4394 nomen
310 4339 473 4408 frequenter
490 4339 519 4391 in
539 4337 666 4391 cantibus
686 4335 806 4390 Romani
824 4337 1044 4404 frequentabant
1061 4335 1116 4387 hec
1135 4335 1168 4388 dc
1188 4350 1286 4401 causa,
1301 4378 1307 4389 .
1324 4378 1329 4390 .
1348 4376 1353 4390 .

1095 4423 1147 4478 22*
