3132 4858
226 158 291 222 340
660 157 690 212 Β.
710 157 956 213 Maurenbrecher:

226 319 380 373 Probatum
400 337 469 388 opus
488 320 532 374 est
550 334 679 373 maxume
697 318 819 373 Mamuri
837 318 944 387 Veturi,
963 318 1012 386 qui
1030 317 1149 387 praemii
1166 319 1229 371 loco
1248 317 1345 388 petiit,
1366 320 1398 371 ut

228 409 308 444 suurn
328 407 430 444 nomen
449 390 523 445 iuter
542 391 667 446 carmina
686 389 755 444 Salii
774 391 925 445 cancrent'
965 389 1036 443 Ovid
1056 388 1254 443 tassillato:

741 462 844 528 ‘Quare
864 461 997 516 caelestia
1015 461 1113 514 Martis

465 533 552 587 Arma
570 533 662 588 ferant
681 532 750 587 Salii
768 533 993 601 Mamuriumque
1013 531 1135 586 canant!

225 605 301 660 idem
319 605 359 659 ΙΙΙ
374 611 437 661 389:

423 677 506 730 ‘Tum
526 677 565 730 sic
584 676 738 730 Mamurius
755 675 883 744 „Merces
900 673 971 730 mihi
989 673 1081 744 gloria
1099 675 1189 742 detur,

457 747 634 816 Nominaque
654 749 779 802 extremo
798 745 920 801 carmine
939 747 1038 800 nostra
1056 748 1183 801 sonent.“

421 820 488 873 Inde
508 819 667 873 sacerdotes
687 819 766 888 operi
783 818 921 886 promissa
940 817 1051 872 vetusto

457 890 587 944 Praemia
606 891 770 959 persolvunt
788 889 1011 956 Mamuriumque
1030 887 1150 942 vocant’

315 979 391 1033 Var.
407 979 500 1032 lect:
520 979 640 1032 Mamuri
649 977 761 1048 Veturi]
777 977 913 1030 Mamurio
923 976 1038 1030 Veturia
1052 983 1149 1030 contra
1162 978 1265 1032 cocere
1279 984 1303 1031 et
1317 994 1397 1032 asam

225 1052 339 1120 scripsit
354 1051 474 1104 andcr.
495 1081 526 1088 -
547 1051 587 1103 Ia
607 1049 742 1103 Varronis
759 1050 848 1102 verbis
861 1053 925 1116 post
941 1045 1107 1101 memoriam
1121 1053 1152 1101 ta
1166 1048 1196 1100 F
1212 1050 1314 1103 lacuna
1329 1053 1397 1118 (me-

227 1125 306 1175 tuere
327 1121 358 1189 V,
378 1119 530 1175 meminere
549 1120 591 1188 M,
610 1137 723 1174 monere
741 1120 810 1187 rell.)
829 1121 953 1173 veterem
972 1136 986 1172 e
1005 1119 1156 1173 Plutarcho
1175 1120 1280 1174 accat.

315 1217 507 1276 Comment.
544 1215 645 1276 Verba
665 1210 817 1276 ‘Mercuri
841 1209 957 1275 Vetrrrt'
976 1235 1036 1274 non
1060 1217 1092 1273 in
1116 1215 1245 1274 carmine
1264 1215 1396 1274 omnium

228 1308 394 1366 carminum
418 1307 578 1366 Saliarium
597 1307 749 1381 postremo
769 1305 917 1382 extitisse,
936 1306 1015 1381 quod
1034 1308 1123 1363 antea
1141 1305 1290 1380 putabant
1309 1305 1397 1381 docti,

225 1397 277 1454 sed
301 1397 333 1454 in
358 1396 549 1470 stropharum
572 1395 630 1454 fine
654 1395 741 1471 quasi
759 1413 881 1454 versum
903 1395 1112 1454 intercalarem
1135 1397 1230 1462 canta,
1246 1411 1310 1452 esse
1338 1395 1396 1454 col·

223 1486 294 1543 latis
312 1486 403 1544 Festo
423 1479 542 1544 ‘nomen
560 1485 734 1561 frequenter
752 1485 784 1542 in
802 1484 939 1543 cantibus
960 1484 1086 1542 Romani
1104 1477 1346 1559 frequentabant'
1366 1487 1397 1542 et

225 1573 332 1633 Ovidio
362 1567 499 1632 ‘nomina
523 1579 654 1633 extremo
683 1573 814 1632 carmine
842 1567 964 1650 sonent'
992 1577 1078 1633 acute
1106 1572 1251 1632 conclusit
1273 1571 1395 1632 Usener.

223 1663 324 1738 Atque
344 1664 419 1722 duae
438 1668 525 1722 erant
544 1664 580 1721 dc
598 1663 739 1721 Mamurii
758 1664 877 1720 nomine
897 1662 1071 1738 sententiae,
1090 1660 1247 1738 Varronis,
1267 1663 1317 1736 qui
1336 1681 1396 1720 non

223 1751 374 1810 hominem
394 1752 564 1828 significari,
583 1752 637 1810 scd
655 1753 830 1811 memoriam
849 1755 982 1810 veterem
1001 1751 1059 1810 dici
1077 1752 1219 1824 putabat,
1239 1754 1270 1808 et
1289 1749 1395 1823 Ovidii,

223 1840 379 1899 Plutarchi
394 1837 425 1921 (e
440 1840 547 1900 Verrio
567 1845 601 1899 ut
614 1841 734 1900 videtur
752 1842 807 1899 hoc
822 1841 920 1914 capite
935 1831 1126 1918 haurientis),
1144 1839 1289 1915 Dionysii,
1304 1839 1395 1917 Festi,

223 1931 366 2001 aliorum,
387 1931 439 2005 qui
457 1930 599 1988 ancilium
618 1948 770 1989 sacrorum
788 1930 907 1988 fabrum
928 1929 1106 1988 Mamurium
1131 1929 1277 2003 appellari
1295 1931 1395 1987 crede-

223 2019 305 2077 bant.
343 2018 512 2095 Utramque
540 2019 710 2093 opinionem
733 2037 841 2079 vanarn
870 2036 935 2077 esse
966 2021 1104 2093 apparet,
1133 2019 1243 2092 quippe
1270 2018 1323 2076 illa
1350 2018 1394 2075 'nr-

222 2108 302 2166 sanis
321 2108 466 2167 Varronis
490 2108 682 2183 etymologiis
702 2107 792 2184 digna
815 2127 891 2182 quae
915 2111 1113 2183 aggregetur,
1139 2107 1212 2165 baec
1234 2107 1396 2185 aetiologo·

222 2217 291 2254 rum
310 2197 410 2256 studio
430 2196 566 2255 debetur,
603 2195 660 2256 Sed
679 2196 845 2255 illustravit
864 2198 1066 2272 fragmentum
1081 2196 1213 2254 Prellcro
1232 2199 1395 2270 praeeunte

222 2285 340 2345 Usener
358 2303 432 2344 mus
452 2287 545 2344 Rbca.
560 2287 601 2343 30
618 2305 651 2359 p.
667 2287 736 2343 183.
773 2285 895 2344 Etenim
913 2286 990 2345 festo
1009 2285 1223 2344 Mamuralium
1241 2285 1297 2360 die,
1317 2303 1393 2360 quae

222 2374 299 2450 prid.
310 2375 350 2433 id.
361 2375 486 2434 Martias
500 2375 697 2450 habebantur,
716 2393 770 2435 ver
784 2393 938 2453 novusque
953 2394 1048 2433 annus
1064 2393 1129 2433 cum
1145 2392 1180 2432 ec
1194 2373 1338 2449 incipiens
1352 2375 1396 2432 ita

223 2464 462 2536 celebrabantur,
481 2469 515 2523 ut
534 2464 622 2524 horno
638 2464 693 2523 sub
708 2463 849 2522 Mamurii
867 2465 986 2523 nomine
1007 2464 1137 2538 pellibus
1156 2463 1284 2523 vestitus
1303 2481 1395 2539 vapu-

222 2554 308 2612 labat
326 2556 357 2611 et
381 2555 463 2612 ultra
486 2554 568 2612 urbis
591 2554 665 2613 fines
685 2553 903 2628 expellebatur,
928 2554 964 2612 cf.
982 2553 1101 2656 Lpdum
1120 2554 1157 2611 de
1175 2572 1268 2612 mens.
1286 2552 1333 2611 ΙΠ
1353 2555 1392 2611 29
1499 2597 1503 2602 -
1551 2529 1552 2534 ἵ

221 2633 278 2722 (=
297 2641 342 2700 IV
362 2634 434 2722 36):
467 2636 518 2701 Ἐν
542 2637 640 2702 εἰδοῖς
666 2637 820 2716 Μαρτίαις
845 2642 974 2717 πομπῆς
997 2638 1188 2716 γιγνομένη(
1215 2639 1314 2716 ἤγετο
1343 2637 1393 2700 καὶ

221 2725 391 2804 ἄνθρωπος
424 2728 691 2806 περιβεβλημένος
724 2731 835 2805 δοραῖς
868 2729 918 2791 καὶ
954 2731 1071 2791 τοῦτον
1109 2725 1224 2789 ἔπαιον
1263 2724 1393 2805 ῥάβδοις
1474 2717 1488 2732 ’“

221 2819 353 2879 λεπταῖς
377 2817 540 2895 ἐπιμήκηςι
565 2817 753 2894 Μαμούριον
777 2817 877 2879 αὐτὸν
896 2819 1084 2880 καλοῦντες·
1184 2813 1261 2878 ὅθεν
1280 2834 1391 2891 παροι·

221 2903 386 2983 μιάΖοντες
409 2903 440 2967 οἱ
463 2906 580 2969 πολλοὶ
599 2905 651 2968 ἐπὶ
669 2909 737 2969 τοῖς
760 2907 970 2984 τυπτομένοις
999 2903 1210 2980 διαγελῶντές
1229 2922 1326 2981 φαςιν
1348 2901 1393 2964 ιὶις

220 2995 278 3058 τὸν
298 2993 487 3073 Μαμούριον
506 2993 594 3076 αὐτῷ
613 2993 758 3059 παίζοιεν
772 2994 803 3056 οἱ
822 2990 1007 3057 τύπτοντες.
1031 2991 1129 3068 λόγος
1147 2992 1208 3069 γὰρ
1228 2992 1279 3056 καὶ
1293 2991 1393 3055 αὐτὸν

222 3083 410 3160 Μαμούριον
434 3086 597 3162 δαςχερῶν
624 3086 722 3146 τινῶν
749 3082 998 3160 προςπεςόντων
1026 3082 1078 3145 ἐπὶ
1106 3087 1144 3165 τῇ
1169 3085 1235 3144 τῶν
1262 3081 1392 3160 ἀρχετύ-

220 3193 291 3236 πων
311 3171 471 3248 ἀγκαλίων
490 3172 658 3251 ἀποςχέςει
676 3177 744 3237 τοῖς
757 3171 925 3251 Ῥωμαίοις
940 3169 1115 3249 παιόμενον
1132 3168 1263 3250 ῥάβδοις
1281 3172 1392 3250 ἐκβλη-

221 3267 313 3340 θῆναι
339 3267 395 3341 τῆς
420 3261 561 3344 πόλεως,
584 3266 686 3342 paullc
709 3265 798 3324 aliter
822 3265 903 3326 Serv.
928 3265 967 3323 ad
990 3266 1063 3324 Aen.
1083 3263 1143 3322 VII
1168 3267 1243 3324 188:
1274 3258 1340 3323 ‘cui
1363 3268 1393 3322 et

221 3355 299 3413 diem
314 3359 532 3431 conseerarunt,
552 3374 610 3430 quo
628 3356 738 3430 pellem
757 3355 850 3432 virgis
869 3355 983 3414 feriunt
1001 3355 1039 3412 ad
1058 3353 1132 3412 artis
1152 3347 1391 3414 similitudinem'

221 3446 252 3502 et
270 3444 418 3502 Minucius
435 3443 526 3502 Ueiis
545 3442 649 3505 Oetav.
673 3463 695 3502 e.
716 3447 771 3503 24:
797 3437 899 3503 ‘scuta
922 3447 1025 3504 vetera
1048 3444 1274 3518 circumferunt,
1297 3443 1392 3519 pelles

221 3523 372 3592 caedunt’.
408 3533 465 3592 Ille
488 3552 575 3608 quern
595 3533 698 3607 Lydus
723 3533 867 3593 describit
890 3551 953 3593 mos
973 3532 1138 3592 eommunis
1163 3536 1228 3591 erat
1250 3532 1391 3608 gentibus

219 3622 470 3697 indegermanicis
492 3653 529 3663 —
548 3622 579 3680 id
599 3623 677 3699 quod
698 3623 811 3690 Usener
830 3623 943 3698 optime
961 3623 1178 3697 interpretatus
1197 3624 1300 3680 est-
1322 3619 1392 3678 anni

219 3712 377 3786 praeteriti
413 3730 524 3769 numen
552 3711 731 3789 expellendi3
770 3715 800 3771 et
833 3711 971 3771 similiter
1009 3711 1088 3786 apud
1124 3711 1272 3768 Romanos
1304 3708 1393 3768 Anna

219 3800 355 3859 Perenna
374 3791 522 3881 (eiusdem
542 3800 652 3860 veteris
674 3801 744 3858 anni
763 3792 834 3880 dea)
854 3801 885 3858 in
904 3820 1011 3877 aquam
1035 3799 1127 3858 missa
1146 3817 1210 3857 esse
1229 3798 1350 3859 videtur
1358 3790 1392 3880 ¹),

221 3908 290 3947 mox
308 3888 412 3965 paucis
432 3890 536 3948 diebus
559 3893 629 3964 post
647 3890 776 3948 recentis
796 3890 867 3948 anni
890 3891 962 3949 deus
987 3890 1067 3946 Mars
1091 3906 1156 3946 eum
1182 3887 1313 3947 Neriene
1337 3889 1393 3946 dea

220 3979 340 4054 nuptias
365 3979 436 4055 egit.
473 3977 530 4037 Hic
552 3999 623 4038 vero
648 3980 813 4038 Mamurius
837 3978 982 4038 Veturius
1006 3978 1025 4036 i.
1047 3996 1072 4036 e.
1095 3977 1177 4036 Mars
1200 3982 1300 4052 vetus,
1324 3978 1393 4035 anni

112 4065 115 4078 '
218 4068 374 4142 praeteriti
392 4067 465 4128 deus
489 4068 561 4143 quin
584 4068 738 4128 invocatus
759 4067 897 4144 precibus
916 4071 1066 4142 cantuque
1086 4067 1125 4125 sit
1148 4067 1203 4126 hoc
1221 4067 1392 4144 fragmento

220 4156 329 4215 Saliari
349 4176 384 4214 ex
403 4157 454 4234 iis,
472 4175 549 4232 quae
569 4156 684 4216 Prcller
704 4161 795 4235 atque
813 4157 929 4215 Usener
948 4159 1164 4235 exposuerunt,
1182 4175 1241 4216 non
1261 4157 1322 4215 iam
1341 4156 1393 4212 du-

311 4346 336 4416 1)
355 4345 395 4400 Cf.
415 4347 501 4401 etiam
520 4345 594 4399 infra
612 4346 646 4402 fr.
662 4351 704 4401 17.
