3132 4858
504 112 663 170 Oarminum
683 113 831 170 Saliarium
850 114 993 184 reliquiae.
1271 116 1336 181 325

164 285 274 363 legisse
303 285 450 362 quaedam
478 285 603 359 referat,
632 302 681 344 eos
708 283 802 362 locos,
829 283 882 361 qui
910 282 1037 343 Saliaria
1065 285 1158 345 verba
1185 286 1335 346 continere

166 377 307 438 videntur
330 393 425 452 neque
449 393 519 435 vero
544 393 559 433 e
583 372 763 433 carminibus
787 373 898 448 sumpti
922 392 987 434 esse
1012 374 1187 448 laudantur,
1213 375 1336 436 incertis

168 465 341 542 aggregavi,
360 466 464 522 utrum
483 483 498 523 1
517 463 697 524 carminibus
717 481 755 522 an
774 482 790 522 e
808 462 894 522 libris
914 461 1065 523 Saliorum
1084 465 1145 524 sint
1163 464 1282 524 dubius

253 599 286 668 4.
315 607 364 666 De
384 626 551 666 sermone
570 609 679 682 atque
698 611 811 665 metro
831 605 1026 665 carminum
1046 605 1249 667 Saliarium.

253 729 395 792 Sermone
413 732 546 792 carmina
564 731 732 807 conscripta
751 748 817 790 esse
834 733 1009 806 pervetusto
1029 734 1147 791 constat
1167 733 1247 792 inter
1266 752 1334 792 auc-

164 826 245 882 tores
269 824 398 898 veteres,
427 821 570 897 reliquiae
599 819 719 898 quidem
746 819 911 880 carminum
938 839 1014 897 quae
1041 824 1172 880 aetatem
1198 821 1335 881 tulerunt

166 911 279 988 partim
292 913 419 970 novatae
433 914 512 987 sunt,
531 911 642 987 partim
659 912 775 970 tantam
790 909 950 970 vetustatis
968 910 1097 985 speciem
1111 911 1281 986 ostendunt,
1300 915 1334 971 ut

150 1001 232 1066 ,orta
250 1017 314 1060 esse
333 1000 465 1060 carmina
484 1019 517 1060 eo
537 1019 625 1076 aevu,
648 999 729 1074 quod
750 1001 885 1058 nostram
907 998 1029 1076 linguae
1048 999 1173 1059 Latinae
1195 1000 1335 1059 notitiam

164 1091 257 1150 multo
284 1089 444 1164 antecedit,
468 1090 687 1150 concedendum
711 1089 759 1148 sit.
801 1088 899 1158 Quare
921 1091 956 1148 ut
977 1089 1181 1166 grammaticis
1205 1089 1334 1149 serviam

161 1178 192 1240 in
210 1198 305 1238 unum
329 1179 376 1240 hic
395 1179 541 1254 conferre,
566 1199 642 1257 quae
666 1179 704 1238 ad
726 1177 848 1256 linguae
867 1178 993 1238 Latinae
1017 1179 1173 1238 historiam
1197 1181 1334 1255 spectant

160 1269 310 1329 constitui.

248 1358 292 1416 Ac
316 1357 562 1433 diphthongos
587 1357 719 1433 quidem,
743 1376 820 1434 quae
843 1357 959 1431 pridem
982 1357 1119 1430 fuerunt,
1143 1361 1333 1418 conservatas

157 1445 292 1506 videmus
311 1446 343 1504 in
361 1445 555 1520 carminibus,
578 1446 631 1505 uhi
653 1447 782 1522 legimus
802 1438 968 1506 ‘Leucesie'
989 1447 1025 1506 fr.
1047 1448 1065 1504 6
1090 1465 1144 1522 pro
1168 1448 1333 1508 recentiore

157 1528 315 1611 ‘Lucerie',
339 1528 514 1595 ‘foedesum'
537 1535 573 1594 fr.
595 1539 623 1609 7,
652 1554 711 1612 qua
733 1554 788 1611 pro
805 1535 902 1594 forma
924 1535 956 1594 in
979 1536 1051 1610 ipsis
1077 1535 1258 1596 carminibus
1283 1557 1330 1596 ex·

156 1623 256 1684 titisse
279 1618 446 1684 ‘foidesom’
466 1624 655 1698 crediderim,
680 1627 785 1684 contra
808 1643 850 1686 cu
874 1624 1095 1701 diphthongum
1119 1623 1246 1702 reperiri
1270 1645 1331 1684 nou

154 1731 242 1789 posse
262 1714 399 1789 falsoque
422 1714 538 1774 illatam
561 1732 626 1774 esse
648 1715 680 1776 in
701 1714 940 1790 fragmentorum
958 1716 1076 1773 textum
1098 1714 1178 1774 infra
1199 1713 1237 1773 ad
1256 1716 1326 1775 fr.6

155 1800 340 1878 disputatum
364 1804 424 1880 est3
448 1804 540 1862 etiam
558 1801 813 1880 in'declinationis
833 1803 947 1862 suffixis
967 1805 1101 1864 servatas
1123 1802 1326 1880 diphthongos

157 1891 431 1969 animadvertimus,
441 1893 525 1952 velut
535 1886 698 1968 <pilumnoe
709 1885 827 1968 poploe'
838 1883 903 1974 (vel
912 1892 1013 1966 potius
1024 1887 1182 1968 ‘pilumnoi
1194 1885 1325 1974 poploi')

152 1981 189 2040 fr.
206 1983 256 2054 19,
275 1975 451 2056 ‘priviclois’
470 1983 505 2042 fr.
526 1982 577 2057 25,
596 1975 695 2042 ‘vinei'
712 1983 749 2041 fr.
768 1984 801 2056 63
820 1985 925 2041 contra
946 1981 1077 2041 novicias
1098 1982 1232 2057 formas,
1256 2001 1332 2058 quae

156 2071 228 2145 quin
250 2069 453 2146 grammaticis
477 2071 643 2130 debeantur
664 2091 724 2131 non
743 2071 861 2146 dubito,
884 2070 987 2130 illatas
1010 2070 1209 2147 intelligimus
1228 2070 1264 2130 fr.
1288 2073 1329 2131 26

157 2152 309 2236 ‘plisima',
331 2178 386 2236 pro
406 2179 465 2234 quo
485 2152 645 2235 ‘pleisima'
665 2161 694 2220 in
713 2161 778 2235 ipso
797 2159 929 2219 carmine
947 2159 1040 2219 fuisse
1059 2160 1237 2238 putaverim,
1257 2161 1292 2219 fr.
1311 2164 1327 2221 1

158 2241 281 2309 ‘divom'
304 2267 357 2324 pro
382 2241 539 2324 ‘deivorn',
563 2249 635 2309 item
661 2243 765 2325 ‘prae'
784 2267 838 2326 pro
858 2241 956 2322 ‘prai'
979 2249 1015 2307 fr.
1037 2251 1070 2327 6,
1092 2251 1148 2326 28,
1171 2251 1227 2323 30,
1246 2242 1333 2309 ‘Sae-

157 2331 275 2397 turnus'
295 2357 349 2414 pro
369 2332 554 2398 <Saiturnus'
574 2332 675 2417 (modo
694 2357 713 2398 a
732 2331 879 2399 ‘saviare'
900 2356 1007 2397 nomen
1026 2338 1075 2397 dei
1098 2338 1236 2398 derivare
1254 2339 1330 2401 velis

158 2426 312 2486 Kellerum
331 2418 465 2508 secutus)
488 2428 524 2488 fr.
547 2430 597 2499 11,
617 2419 772 2488 ‘Luciam'
791 2445 845 2503 pro
864 2422 1040 2487 ‘Louciam’
1060 2429 1096 2486 fr.
1117 2429 1145 2488 5.
1167 2459 1208 2468 —
1231 2431 1332 2503 Atque

156 2515 232 2574 illud
246 2516 279 2574 oi
293 2534 387 2592 usque
403 2517 441 2575 ad
453 2517 617 2576 secundum
630 2536 656 2576 a.
668 2517 735 2576 Chr.
745 2537 774 2576 n.
790 2518 940 2576 saeculum
951 2516 1127 2594 permansit,
1143 2535 1185 2576 ou
1199 2537 1270 2578 vero
1285 2519 1334 2577 vel

156 2604 241 2667 initio
265 2604 350 2663 tertii
372 2604 484 2665 saeculi
508 2606 664 2666 evanuisse
687 2607 820 2682 videtur3
842 2607 874 2665 in
893 2605 1007 2665 suffixis
1027 2606 1107 2682 quod
1125 2606 1270 2666 habemus
1298 2606 1331 2664 oi

158 2685 326 2774 (pilumnoi,
340 2693 450 2770 poploi,
466 2686 634 2778 priviclois)
646 2696 728 2754 ultra
740 2695 864 2755 tertium
879 2696 1032 2754 saeculum
1046 2695 1204 2770 Duenique
1219 2695 1332 2756 vasculi

158 2781 195 2841 ad
214 2786 351 2858 tempora
370 2802 424 2843 nos
444 2783 549 2860 reiicit,
568 2803 657 2859 porro
677 2777 741 2844 ‘ei’
761 2784 888 2860 pluralis
908 2784 1084 2845 nominativi
1101 2786 1181 2844 ultra
1194 2785 1332 2844 Duenum

164 2890 218 2932 nos
238 2871 366 2948 delegat.
1303 2898 1306 2907 =

244 2961 345 3021 Etiam
372 2963 469 3039 magis
496 2982 586 3039 quam
613 2963 731 3023 vocales
762 2963 925 3039 syllabas
954 2965 1090 3024 finales
1119 2963 1150 3021 in
1180 2962 1331 3022 codicibus

155 3051 420 3127 grammaticorum
433 3053 545 3112 mutari
558 3053 691 3128 potuisse
707 3053 841 3128 apparet,
861 3071 952 3128 quare
966 3054 1144 3129 plerumque
1163 3051 1196 3110 in
1214 3069 1261 3110 -us
1282 3053 1332 3112 vel

157 3159 223 3196 -um
240 3157 318 3198 nunc
337 3141 416 3200 exire
435 3141 528 3202 verba
545 3141 672 3200 Saliaria
690 3141 834 3218 videmus,
853 3142 938 3201 velut
957 3135 1082 3202 ‘divum'
1103 3160 1149 3216 ap.
1166 3140 1331 3199 Varronem

155 3229 190 3287 fr.
202 3230 230 3304 1,
241 3222 390 3303 ‘duonus',
405 3223 531 3306 ‘Cerus',
541 3223 656 3290 ‘Ianus’
671 3231 706 3290 fr.
718 3233 745 3303 2,
759 3224 927 3289 ‘meliosum
937 3224 1050 3290 recum'
1064 3231 1129 3289 fr.3
1147 3228 1331 3308 saepiusque,

160 3334 237 3393 quac
256 3320 358 3376 tamen
378 3317 450 3378 olim
467 3319 499 3377 in
517 3320 698 3379 carminibus
720 3339 774 3394 per
794 3337 845 3378 -os
869 3322 960 3395 atque
979 3339 1046 3379 -om
1069 3318 1181 3394 scripta
1199 3335 1263 3378 esse
1289 3337 1332 3378 se-

160 3407 264 3483 quitur
282 3425 298 3464 e
317 3407 388 3467 ir.4
408 3400 569 3468 ‘ianituos’
595 3400 688 3490 (quod
707 3427 723 3467 e
742 3409 912 3468 coniectura
932 3408 1053 3486 quidem
1077 3408 1252 3468 restitutum
1271 3401 1331 3488 est)

159 3515 192 3556 ac
211 3495 248 3554 fr.
263 3497 305 3553 24
320 3489 537 3572 ‘promeriom'3
557 3497 695 3557 similiter
712 3497 745 3556 in
763 3497 847 3557 verbi
864 3498 1063 3558 declinatione
1082 3490 1249 3556 ‘tremonti'
1263 3497 1330 3558 fab

159 3586 190 3644 11
203 3579 416 3662 <praepotiont'
433 3586 469 3646 fr.
485 3589 535 3646 30.
574 3585 685 3646 Contra
704 3605 792 3647 sonos
811 3607 841 3646 m
860 3591 914 3646 aut
932 3606 946 3647 s
961 3587 1090 3647 deiectos
1110 3605 1190 3661 esse,
1201 3587 1233 3644 id
1252 3587 1332 3664 quod
1365 3655 1367 3658 ¹

158 3674 226 3733 inde
245 3692 263 3732 a
280 3675 372 3735 tertio
392 3695 417 3734 a.
434 3674 502 3735 Chr.
517 3694 545 3734 n.
559 3677 679 3736 sacculo
699 3676 872 3751 saepissime
890 3676 923 3734 in
941 3676 1141 3736 monumentis
1160 3675 1225 3734 fieri
1244 3694 1330 3736 nemo

159 3765 206 3821 est
223 3765 295 3839 quin
313 3765 400 3843 sciat,
419 3765 502 3823 nullo
522 3765 656 3841 exemplo
676 3765 868 3841 approbatur.
888 3765 1149 3841 -Iampridem
1170 3783 1184 3823 s
1205 3783 1268 3824 son
1276 3786 1332 3825 um

158 3852 423 3913 intervocalem
436 3875 452 3912 r
466 3853 617 3913 redditum
628 3873 692 3914 csse
707 3854 829 3930 scimus3
844 3857 945 3913 tamen
961 3855 1114 3930 complura
1127 3854 1301 3914 vetustioris
1317 3873 1330 3912 s

158 3940 267 3999 adsunt
277 3943 411 4018 exempla
417 3936 699 4018 Saliaria‘adoriso'
708 3937 966 4018 fr.2,‘meliosum'
973 3943 1044 4016 fr.3,
1053 3936 1230 4004 ‘meliosem'
1235 3943 1331 4020 1127,

159 4024 325 4090 ‘Leucesie’
344 4032 381 4092 fr.
401 4035 430 4110 6,
451 4026 628 4094 ‘foedesum’
647 4034 683 4093 fr.
705 4019 897 4111 7,⁸‘asenam'
916 4033 954 4093 fr.
974 4035 1025 4106 20,
1045 4024 1205 4110 ‘pleisima'
1223 4032 1259 4090 fr.
1280 4034 1331 4108 26,

158 4122 367 4181 verumtamen
382 4121 439 4180 duo
459 4142 536 4197 quae
551 4122 664 4182 tradita
679 4125 750 4183 sunt
766 4123 939 4182 recentioris
954 4141 1026 4182 usus
1042 4123 1177 4198 exempla
1192 4115 1331 4179 ‘Mamuri

159 4203 280 4269 Veturi’
295 4210 362 4269 fas
379 4204 649 4285 et‘promenervat'
664 4211 701 4271 fr.
714 4214 753 4272 29
770 4215 872 4270 utrum
886 4213 1045 4288 genuinam
1061 4212 1224 4270 carminum
1239 4211 1330 4284 scrip-

159 4303 259 4359 turam
269 4299 434 4377 praebeant
444 4318 483 4359 an
497 4301 728 4378 agrammaticis
743 4293 911 4363 librariisve
925 4303 1044 4361 mutata
1059 4301 1119 4360 sint
1132 4299 1245 4360 dubito.
1273 4298 1330 4360 Ve-
