3132 4858
199 124 264 188 316
636 122 668 178 Β.
687 121 930 178 Maurenbnecher:
1007 69 1015 86 ι

202 293 335 364 Quorum
360 292 492 352 omnium
515 291 678 350 sententias
702 291 789 368 quasi
810 291 842 350 in
865 310 957 350 unum
980 292 1107 350 contulit
1125 290 1246 352 Servius
1267 284 1372 370 (schol.

202 373 290 462 Dan.)
303 382 339 440 ad
351 380 426 441 Aen.
436 381 513 440 VIII
523 383 599 441 285:
621 374 739 440 ‘horum
752 399 877 440 numero
891 379 1040 441 Hostilius
1056 375 1225 460 (totidem)
1244 380 1373 457 addidit3

200 491 270 531 nam
294 471 354 552 duc
378 473 448 529 sunt
470 489 582 546 genera
603 469 763 545 Saliorum,
787 471 864 529 siout
887 470 918 528 in
937 470 1104 530 Saliaribus
1125 469 1306 528 carminibus
1329 471 1373 528 in·

201 561 322 622 venitur
341 559 450 619 Oellini
470 562 500 618 et
519 558 687 629 Quirinales
707 577 725 617 a
743 558 843 618 Numa
860 559 1001 635 instituti,
1020 559 1058 618 ab
1077 557 1207 618 Hostilio
1226 578 1296 620 uero
1317 559 1371 617 Pa·

201 649 277 710 vorii
301 650 331 708 et
350 649 473 707 Pallorii
495 648 640 723 instituti3
664 648 835 707 habuerunt
858 666 929 708 sano
953 650 984 706 et
1003 649 1164 707 Tusculani
1184 647 1278 708 Salios
1303 651 1373 707 ente

202 740 361 798 Romanos.
393 737 470 796 Alii
488 737 613 796 dieunt
628 735 743 795 Salium
757 738 904 812 quendam
919 737 1039 796 Arcada
1053 737 1155 815 fuisso,
1169 737 1222 814 qui
1235 737 1372 797 Troianis

202 829 320 888 iunctus
339 828 418 886 hunc
432 827 537 885 ludum
551 826 582 884 in
597 825 689 885 sacris
702 825 876 899 instituerit,
896 827 1065 885 nonnulli
1079 823 1180 886 tamen
1197 827 1251 886 hos
1267 845 1284 885 a
1298 827 1372 884 Dar·

203 919 280 997 dano
304 915 460 975 institutos
483 916 602 990 volunt,
629 915 681 992 qui
705 914 949 976 Samothracibus
973 916 1029 976 diis
1054 934 1138 975 sacra
1160 917 1375 992 persolverent.

206 1006 356 1078 Quidam
376 1005 468 1064 etiam
487 1004 590 1063 dicunt
609 1003 705 1063 Salios
725 1005 868 1064 aMorrio
882 1025 954 1082 rege
962 1005 1197 1064 Veientanorum
1210 1005 1375 1078 institutos

204 1099 238 1154 ut
261 1095 371 1154 Alesus
393 1094 526 1170 Neptuni
553 1093 634 1152 filius
662 1113 766 1152 eorum
794 1093 925 1154 carmine
952 1094 1139 1171 laudaretur,
1167 1094 1218 1169 qui
1245 1093 1376 1152 eiusdem

206 1185 287 1262 regis
307 1183 440 1242 familiae
459 1184 564 1242 auctor
581 1182 707 1241 ultimus
727 1175 806 1243 suit'
840 1181 922 1252 Quae
937 1184 973 1242 de
988 1182 1076 1242 Saliis
1091 1182 1214 1243 collinis
1229 1182 1376 1242 Pavoriis·

205 1291 263 1350 que
288 1273 395 1346 tradit,
421 1271 556 1332 Serrium
580 1272 671 1330 verbo
694 1273 782 1331 tenus
802 1291 817 1331 ο
837 1272 972 1332 Varrone
991 1272 1182 1349 exscripsisse
1201 1273 1299 1348 patet,
1323 1272 1375 1330 du-

204 1364 312 1440 plicem
331 1363 415 1420 illam
436 1361 614 1420 sententiam
634 1361 670 1419 de
686 1359 800 1420 Graeca
815 1361 965 1421 Saliorum
983 1362 1107 1440 origine,
1127 1381 1218 1440 quam
1237 1380 1253 1420 e
1269 1361 1377 1421 Verrio

205 1453 310 1511 Flacco
329 1451 430 1509 hausit
450 1450 624 1527 scholiasta,
648 1451 775 1509 alteram
794 1451 949 1510 Polemoni
966 1451 1147 1527 periegetae,
1169 1452 1298 1510 alteram
1317 1450 1378 1509 Cri·

205 1543 285 1619 tolao
305 1539 423 1599 cuidan'r
442 1539 545 1598 deberi
564 1539 699 1614 sequitur
716 1558 730 1596 e
746 1537 836 1598 Festo
851 1560 878 1615 p.
895 1541 959 1598 482
976 1529 1071 1620 (326)
1091 1533 1231 1598 ‘Saliosa
1246 1540 1379 1598 saliendo
1537 1604 1540 1615 ⁸

206 1634 236 1689 et
255 1629 392 1689 saltando
413 1627 507 1687 dictos
527 1645 591 1688 esse
611 1628 747 1704 quamvis
767 1626 899 1687 dubitari
917 1647 976 1686 non
992 1628 1107 1704 debeat,
1122 1631 1222 1687 tamen
1236 1628 1379 1687 Polemon
1433 1641 1436 1646 '
1543 1669 1546 1679 ·

205 1719 249 1778 ait
272 1718 391 1778 Arcada
414 1717 563 1792 quendam
586 1717 680 1776 fuisse
704 1717 823 1775 nomine
849 1716 975 1794 Salium,
1001 1736 1090 1792 quem
1114 1716 1232 1776 Aeneas
1255 1736 1273 1775 a
1296 1717 1378 1775 Man-

206 1809 289 1868 tinea
307 1808 337 1865 in
351 1806 473 1866 Italiam
493 1806 659 1883 deduxerit,
678 1805 730 1882 qui
743 1806 867 1866 iuvenes
882 1806 1003 1866 Italicos
1018 1799 1172 1866 ἐνόπλιον
1187 1807 1376 1866 saltationem

206 1896 349 1958 docuerit.
386 1895 429 1955 At
449 1894 597 1954 Critolaus
617 1894 744 1954 Saonem
763 1913 799 1952 ex
818 1895 1010 1955 Samothrace
1030 1914 1097 1954 oum
1118 1895 1219 1954 Aenea
1238 1895 1308 1955 deos
1323 1895 1378 1954 Pe·

207 1989 293 2046 nates
318 1985 371 2062 qui
388 1984 548 2045 Lavinium
570 1984 771 2062 transtulerit,
794 1985 902 2044 saliare
921 1974 1017 2060 genus
1040 1985 1169 2044 saltandi
1186 1977 1366 2045 instituisse'
1374 2007 1381 2062 ;

207 2075 377 2136 Polemonis
398 2073 577 2133 sententiam
594 2073 715 2132 Servius
734 2074 853 2149 profert
868 2075 906 2133 ad
920 2073 994 2133 Aen.
1007 2073 1080 2132 VIII
1093 2077 1170 2134 663:
1189 2067 1253 2132 ‘alii
1268 2094 1286 2133 a
1301 2073 1380 2133 Salio

208 2165 328 2224 Aeneae
347 2163 455 2222 comite
474 2162 570 2222 dictos
584 2155 711 2239 volunt',
731 2163 766 2222 cf.
782 2166 938 2237 praeterea
952 2163 1031 2223 Plut.
1046 2163 1135 2222 Num.
1151 2165 1241 2223 c.13:
1261 2157 1381 2223 ‘Cdlror

208 2251 243 2314 δὲ
267 2250 456 2328 ἐκλήθηταν,
480 2247 540 2325 οὐχ
564 2245 608 2310 ὡς
632 2237 720 2311 ἔνιοῦ
735 2250 979 2326 μυθολογοῦτιν,
1003 2247 1206 2331 (αμόθρᾳκοτ
1225 2247 1380 2326 ἀνδρὸτῆ

210 2339 409 2415 Μαντινέως,
444 2334 548 2415 ὄνομα
576 2335 705 2415 (otico,
733 2336 864 2414 πρώτου
892 2339 951 2416 τὴν
979 2335 1131 2401 ἐνόπλιον
1159 2336 1381 2402 ἐκδιδάξαντος

208 2427 350 2506 ὄρχητιν,
379 2424 463 2489 ἀλλὰ
491 2429 614 2504 μᾶλλον
640 2424 706 2489 ἀπὸ
731 2430 787 2503 τῆτ
811 2424 972 2505 ὀρχήτεωε
996 2425 1093 2505 αὐτῆς
1116 2425 1243 2504 ἁλτικῆε
1267 2425 1381 2504 οὔτητῖ

209 2521 352 2580 Varronis
377 2521 454 2578 mira
477 2519 514 2579 de
538 2517 626 2578 Saliis
650 2518 785 2579 Pavoriis
809 2519 1007 2597 Palloriisque
1030 2522 1163 2579 narratio
1187 2521 1278 2579 etiam
1296 2520 1382 2580 Livio

210 2610 329 2688 cognita
343 2609 437 2668 fuisse
451 2607 579 2684 videtur,
594 2607 678 2685 quod
689 2607 813 2684 colligas
823 2627 944 2669 necesse
955 2609 1121 2669 estexLiv.
1131 2609 1147 2668 I
1158 2611 1248 2686 27,7:
1264 2602 1383 2667 ‘Tullus
1447 2654 1448 2657 η
1546 2609 1551 2697 j

209 2700 296 2758 inre
323 2697 441 2773 trepida
464 2697 620 2757 duodecim
642 2698 726 2758 vovit
749 2696 845 2757 Salios
868 2699 997 2775 lanaque
1021 2697 1133 2756 Pallori
1156 2702 1188 2757 et
1211 2687 1382 2778 paverint
1414 2711 1416 2718 ’

208 2808 282 2847 nam
301 2785 419 2846 etiamsi
438 2786 572 2846 conditos
592 2805 610 2844 a
629 2785 717 2846 Tullo
736 2805 808 2862 rege
822 2786 969 2846 Pallorios
985 2786 1082 2846 Salios
1102 2806 1167 2846 esse
1186 2786 1305 2861 copiose
1323 2805 1383 2844 non

209 2877 318 2936 effatur
331 2875 446 2951 Livius
464 2878 565 2934 tamen
583 2875 659 2933 hanc
677 2875 812 2934 fabulam
831 2875 862 2934 in
880 2875 978 2934 animo
994 2895 1062 2934 eum
1076 2874 1217 2935 habuisse
1232 2875 1383 2934 allusisse-

210 2986 267 3044 que
287 2965 325 3024 ad
344 2984 408 3024 eam
428 2964 537 3024 collato
556 2963 692 3023 Varrone
712 2963 850 3023 efficitur.

299 3055 366 3114 Duo
385 3053 480 3130 igitur
499 3054 686 3113 sacerdotum
702 3051 851 3112 Saliorum
870 3053 992 3113 fuerunt
1010 3053 1145 3131 collegia,
1164 3072 1291 3130 quorum
1310 3054 1384 3113 alte·

209 3146 273 3204 rius
292 3144 439 3219 templum
458 3144 490 3202 in
504 3142 642 3202 Palatino
657 3144 767 3218 monte,
787 3143 910 3202 alterius
927 3142 958 3201 in
974 3142 1121 3213 Quirinali
1135 3143 1206 3220 fuit3
1225 3143 1382 3218 utriusque

93 3240 94 3243 ’
210 3234 246 3292 de
266 3233 380 3308 origine
398 3232 475 3291 nihil
493 3233 554 3290 iam
574 3232 707 3292 sciebant
726 3231 856 3309 antiqui,
880 3232 983 3309 itaque
1002 3251 1020 3290 a
1038 3233 1160 3308 regibus
1180 3231 1299 3292 condita
1319 3251 1384 3292 esse

208 3322 433 3399 fabulabantur,
451 3321 483 3378 in
503 3339 537 3380 eo
550 3339 622 3380 vero
637 3325 853 3380 consenserunt
867 3315 913 3399 (et
930 3321 986 3382 hoc
1001 3322 1162 3380 tenendum
1177 3313 1238 3402 ost)
1253 3321 1384 3398 priorem
1467 3371 1472 3390 ,

211 3412 345 3472 ordinem
359 3410 523 3470 obtinuisse
537 3409 701 3485 Palatinos,
719 3410 914 3485 posteriorem
930 3409 1071 3470 Oolliuos.
1099 3410 1200 3488 Atque
1214 3411 1261 3470 his
1275 3429 1383 3470 nomen

210 3500 421 3576 Agonensibus
444 3498 537 3559 fuisse
561 3516 629 3558 cum
653 3497 833 3575 reperirent,
860 3499 918 3557 alio
938 3499 1015 3558 alius
1034 3500 1122 3559 modo
1141 3499 1331 3578 grammatici
1349 3501 1384 3557 ut

211 3609 320 3649 nomen
342 3591 497 3649 uetustum
519 3591 550 3648 et
574 3607 593 3647 a
619 3587 724 3664 lingua
746 3587 840 3647 latIns
864 3588 995 3647 alienum
1018 3588 1290 3666 interpretarentur
1315 3607 1382 3664 ope·
1526 3645 1532 3664 Ι

211 3697 276 3737 ram
294 3681 456 3756 naverunt,
481 3678 566 3739 velut
583 3677 680 3737 Varro
699 3677 736 3736 de
755 3678 774 3739 l.
793 3676 872 3736 LVI
888 3679 942 3737 12:
966 3671 1041 3738 ‘dies
1061 3679 1218 3755 agonales,
1234 3669 1290 3754 ¹per
1309 3696 1384 3754 quos
1503 3686 1522 3759 ,s

210 3787 262 3828 rex
281 3768 312 3826 in
330 3767 416 3844 regia
435 3767 558 3826 arietem
578 3767 714 3826 immolat
732 3766 804 3826 dicti
823 3767 861 3825 ab
881 3786 990 3845 agone,
1015 3786 1063 3842 eo,
1083 3767 1161 3845 quod
1179 3767 1385 3843 interrogatur
1484 3778 1500 3842 ν’
1550 3777 1552 3827 ζ

212 3878 230 3917 a
248 3857 381 3934 principe
400 3855 530 3915 civitatis
550 3859 580 3914 et
598 3856 735 3932 princeps
751 3856 851 3934 gregis
865 3848 1064 3932 immolatur'3
1084 3856 1228 3916 Varronis
1243 3856 1384 3916 aliorum-

213 3966 271 4025 que
291 3946 489 4022 etymologias
508 3946 600 4005 habes
620 3944 699 4022 apud
718 3943 859 4006 Ovidium
877 3945 957 4005 Fast.
973 3946 988 4003 Ι
1003 3948 1065 4006 319
1079 3964 1135 4022 sq:

302 4099 327 4165 1)
344 4097 370 4150 Ἐ
388 4095 468 4152 Livio
486 4097 640 4151 hauserunt
657 4094 821 4150 Lactantius
840 4096 905 4151 inst.
925 4095 981 4152 div.
996 4097 1010 4150 I
1025 4102 1067 4165 20,
1085 4102 1130 4151 11:
1153 4097 1300 4152 ‘Pavorem
1319 4095 1383 4148 Pal-

211 4170 358 4238 loremque
377 4167 475 4222 Tullus
494 4166 631 4222 Hostilius
650 4167 783 4236 figuravit
800 4169 830 4222 et
847 4167 946 4223 coluit'
968 4169 997 4222 et
1016 4168 1190 4239 Augustinus
1210 4169 1244 4222 de
1264 4167 1316 4222 cir.
1328 4165 1385 4221 Dei
1408 4182 1411 4191 ¹

211 4240 250 4294 IV
265 4247 312 4295 23:
334 4238 482 4294 ‘Hostilius
501 4241 577 4293 certe
596 4255 644 4294 rex
663 4237 730 4293 deos
751 4238 857 4310 etipse
876 4257 964 4294 nevos
983 4240 1119 4296 Pavorem
1139 4241 1223 4308 atque
1242 4238 1382 4292 Pallorcm

211 4310 404 4382 propitiandos
423 4329 479 4367 non
496 4309 698 4366 introduceret’
720 4312 772 4366 etc.
