3132 4858
179 97 186 101 d
241 112 305 175 322
682 115 713 171 Β.
732 115 977 173 Maurenbrecher:

241 303 257 342 e
284 283 390 360 quibus
414 285 552 343 constant
575 285 708 344 carmina
731 286 859 346 fratrum
878 285 1049 362 Arvalium,
1072 287 1200 346 minores
1222 288 1338 366 hymni,
1361 289 1416 364 qui

240 371 363 431 Homeri
383 371 552 448 Orpheique
577 376 632 434 sub
650 376 769 434 nomine
788 375 940 453 feruntur,
964 375 1012 434 vel
1033 375 1137 451 hymni
1161 375 1281 452 quidam
1300 376 1413 436 Vedici.

329 461 494 521 Deindesi
517 463 687 538 quaerimus
712 483 858 540 quosnam
880 465 912 524 in
935 465 1006 524 deos
1031 465 1135 541 hymni
1154 484 1172 523 a
1192 463 1280 524 Saliis
1300 467 1414 526 cantati

242 549 316 624 sint,
339 552 480 610 certiores
504 551 592 612 fimus
615 555 680 612 loco
704 553 792 612 Pauli
817 573 908 630 supra
930 553 1052 612 laudato
1076 554 1169 614 tuisse
1193 558 1224 614 11
1246 558 1413 634 aramenta,

240 641 348 716 quibus
373 658 474 700 omnes
498 641 547 700 dei
571 642 701 702 invocati
722 644 803 717 sunt,
829 645 859 702 11
878 661 981 702 versus
1000 643 1033 701 in
1051 643 1121 702 deos
1141 643 1274 720 singulos
1295 663 1410 721 compo·

240 729 313 788 sitos
332 728 418 788 velut
431 729 562 808 Ianulos,
582 730 731 810 Iunonios,
751 730 923 792 Minervios.
957 731 1090 801 Quocum
1109 733 1134 790 11
1150 732 1231 808 ipsas
1246 734 1411 794 carminum

238 817 380 893 reliquias
397 837 612 898 comparamus,
627 824 852 880 axamentorum
867 821 987 897 quidem
998 823 1028 880 11
1037 821 1176 880 Μ1111·111
1187 822 1326 882 carminis
1337 823 1413 882 nihil

240 910 371 966 aetatem
393 907 498 968 tulisse
517 909 650 987 videtur,
674 909 773 969 Ianuli
791 929 862 968 vero
882 912 992 970 cantus·
1005 911 1053 968 vel
1072 909 1226 984 complura
1244 913 1414 988 fragmenta

240 995 404 1071 superstite
422 1001 505 1071 sunt,
527 1017 602 1075 quae
621 999 700 1058 infra
717 1001 860 1074 leguntur
879 999 914 1058 fr.
935 1001 1033 1076 1-4,
1052 997 1178 1057 Iunonio
1198 1000 1321 1059 carmini
1339 1003 1375 1058 fr.
1392 1005 1410 1062 5

240 1084 465 1145 attribuendum
493 1106 558 1148 esse
586 1087 698 1163 opinor,
740 1087 840 1147 Etiam
865 1086 896 1144 in
915 1087 990 1146 alios
1010 1089 1080 1146 deos
1103 1089 1223 1163 praeter
1247 1105 1310 1163 eos,
1336 1108 1411 1163 quos

239 1172 364 1234 Verrius
379 1178 520 1252 testatur,
538 1176 665 1254 hymnos
680 1196 698 1236 a
713 1175 802 1236 Saliis
819 1176 914 1235 factos
930 1194 995 1235 esse
1009 1177 1179 1252 fragmenta
1193 1177 1307 1254 docent,
1326 1178 1412 1235 velut

237 1263 374 1338 Iuppiter
397 1264 540 1324 Lucerius
570 1266 687 1325 canitur
712 1266 748 1324 tr.
769 1267 801 1341 6,
829 1265 994 1324 Mamurius
1023 1257 1126 1346 (quem
1154 1263 1283 1324 Martem
1310 1265 1410 1340 potius

238 1353 406 1428 putandum
432 1372 497 1413 esse
522 1355 600 1413 infra
624 1349 802 1435 exponetur)
828 1355 863 1412 fr.
888 1356 922 1432 8,
948 1355 1009 1415 divi
1032 1355 1139 1412 terrae.
1154 1353 1333 1430 frugumque
1357 1353 1410 1412 Sa-

238 1450 346 1502 turnus
365 1442 404 1501 fr(
418 1445 457 1501 11
479 1439 630 1520 Genusque
649 1444 684 1502 fr.
703 1446 751 1503 12.
785 1444 879 1502 Porro
899 1443 1067 1502 Varronem
1088 1461 1154 1501 cum
1173 1442 1333 1502 memoriae
1352 1445 1413 1501 tra-

237 1531 322 1590 deret
347 1531 406 1591 duo
431 1531 526 1591 fuisse
552 1531 702 1591 Saliorum
728 1552 838 1609 genera
866 1527 960 1592 ‘sicut
985 1533 1015 1591 in
1042 1531 1206 1590 Saliaribus
1232 1531 1411 1591 carminibus

237 1613 410 1694 invenitur'‚
424 1621 500 1691 hauc
515 1621 611 1696 ipsam
625 1641 688 1680 rem
703 1623 733 1680 in
748 1621 927 1680 carminibus
944 1621 1052 1698 legisse
1067 1621 1188 1678 minime
1203 1622 1283 1679 credi
1299 1623 1412 1695 potest:

238 1711 334 1786 neque
362 1728 434 1769 vero
460 1709 608 1768 Saliorum
637 1711 768 1769 carmina
796 1710 952 1770 notissima
982 1730 1048 1768 cum
1073 1710 1292 1769 commentariis
1315 1728 1412 1768 sacer-

238 1798 343 1858 dotum
372 1799 551 1874 quibusdam
579 1801 731 1860 auctorem
757 1799 966 1876 gravissimum
991 1799 1159 1857 confudisse
1183 1798 1319 1874 equidem
1343 1817 1411 1858 con·
1490 1818 1492 1822 ’

237 1887 391 1946 cesserim:
416 1907 486 1948 sane
511 1889 570 1946 duo
590 1889 643 1947 illa
662 1888 812 1948 Saliorum
830 1907 941 1964 genera
959 1888 1061 1946 hausit
1080 1905 1096 1945 1
1115 1887 1327 1947 commentario
1348 1907 1411 1946 car-

237 1976 363 2053 minum3
383 1978 492 2036 etenim
512 1978 758 2037 commentarium
773 1978 937 2037 carminum
953 1975 1113 2036 Saliarium
1128 1976 1294 2036 Varronem
1308 1977 1340 2034 in
1354 1996 1411 2036 usu

237 2065 377 2125 habuisse
393 2066 538 2143 glossario
552 2067 731 2126 instructum
748 2067 882 2142 sequitur
898 2085 914 2124 e
928 2066 1052 2143 ratione,
1067 2085 1127 2142 qua
1140 2065 1312 2140 fragmenta
1325 2067 1411 2125 affert

237 2149 287 2234 (cf.
303 2155 448 2230 imprimis
464 2155 628 2215 Varronem
643 2157 678 2214 11
693 2157 711 2215 l.
727 2157 745 2215 l.
762 2156 973 2231 111126-27,
991 2155 1027 2213 fr.
1044 2155 1138 2229 1-4,
1159 2157 1187 2236 7,
1207 2157 1257 2231 20,
1273 2157 1325 2229 26,
1341 2147 1411 2236 27),

236 2263 300 2301 rem
323 2243 419 2320 igitur
438 2245 569 2320 aliquam
588 2247 849 2304 commemoratam
869 2263 933 2304 esse
956 2245 988 2303 in
1011 2245 1154 2317 carmine,
1179 2250 1268 2319 quam
1288 2245 1326 2301 11
1345 2245 1411 2301 illu-

240 2333 393 2390 strandam
412 2333 471 2391 duo
490 2332 544 2392 illa
563 2353 674 2411 genera
692 2334 817 2394 laudata
831 2335 899 2411 sint,
918 2334 1070 2393 concludo.
1103 2333 1169 2391 Duo
1185 2352 1261 2408 quae
1276 2333 1412 2392 nominat

238 2440 351 2496 genera
375 2409 483 2480 Collini
512 2423 543 2480 et
566 2422 687 2482 Pavorii
711 2423 894 2499 Palloriique
918 2426 1000 2482 sunt:
1030 2421 1139 2480 Collini
1163 2421 1235 2480 Salii
1260 2422 1408 2480 notissimi

237 2514 307 2569 sunt
334 2530 431 2586 neque
459 2513 518 2587 est,
552 2530 604 2570 cur
630 2511 661 2569 in
692 2511 904 2570 commentario
932 2511 1100 2571 carminare
1129 2515 1409 2588 commemorantum

237 2602 341 2658 contra
356 2599 429 2658 Salii
442 2599 564 2660 Pavorii
582 2620 730 2676 nusquam
748 2601 820 2660 alibi
834 2601 1039 2660 nominantur:
1059 2618 1150 2676 quare
1165 2601 1287 2674 conici0,
1306 2619 1409 2660 ansam

237 2689 409 2764 appellandi
435 2708 484 2748 eos
504 2691 730 2750 commentatori
749 2691 869 2750 dedisse
894 2693 947 2748 aut
969 2690 1152 2748 mentionem
1169 2689 1295 2750 Pavoris
1315 2689 1411 2748 Pallo-

237 2778 338 2853 risque
357 2777 389 2835 in
407 2779 536 2837 carmine
555 2780 683 2854 quodam
704 2780 815 2839 factam
837 2781 891 2838 aut
910 2809 952 2820 -
972 2778 1051 2855 quod
1070 2778 1143 2837 mihi
1159 2779 1281 2854 propius
1297 2780 1333 2837 ad
1348 2779 1412 2839 veri
1432 2799 1437 2810 ·

238 2867 365 2941 speciem
381 2868 519 2926 accedere
533 2868 702 2927 videtur-
716 2888 836 2928 carmen
852 2868 972 2944 aliquod
986 2869 1017 2926 in
1031 2869 1136 2927 horum
1151 2869 1274 2926 deorum
1288 2867 1411 2925 numina

237 2957 421 3031 conceptum.
461 2955 573 3016 Contra
597 2959 628 3016 in
652 2958 798 3018 Venerem
823 2959 909 3018 deam
932 2975 1088 3029 carmena
1107 2956 1195 3015 Saliis
1214 2975 1273 3014 non
1291 2974 1411 3030 compo-

238 3045 327 3103 situm
347 3048 527 3121 cantumque
547 3064 612 3104 1111
631 3047 727 3106 tradit
745 3047 944 3107 Macrobiusl
956 3048 1005 3124 12,
1019 3048 1072 3105 121
1094 3039 1169 3104 ‘Set
1189 3043 1306 3104 Cincius
1325 3044 1355 3102 in
1377 3062 1410 3102 eo

236 3133 323 3207 libro,
343 3154 431 3210 quem
450 3135 486 3194 de
505 3135 593 3194 fastis
611 3136 741 3215 reliquit,
764 3138 807 3196 111
824 3136 962 3212 imperite
982 3135 1125 3210 quosdam
1145 3134 1261 3210 opinari
1274 3133 1410 3210 Aprilem

236 3242 369 3281 mensem
389 3224 528 3301 antiquos
548 3224 692 3284 aVenere
712 3226 831 3304 dixisse,
852 3223 1410 3300 111111111111111111111111111111

238 3312 415 3371 sacrificium
434 3314 549 3390 insigne
567 3314 679 3374 Veneri
696 3334 750 3390 per
768 3316 846 3374 hunc
865 3333 998 3373 mensem
1017 3333 1035 3372 a
1053 3314 1215 3373 maioribus
1235 3310 1408 3372 institutum

238 3403 286 3479 sit,
306 3401 357 3460 sed
377 3421 414 3460 ne
433 3403 463 3460 in
479 3404 661 3462 carminibus
677 3404 796 3480 quidem
814 3404 962 3462 Saliorum
977 3401 1102 3460 Veneris
1119 3402 1182 3460 ulla
1195 3404 1229 3460 ut
1243 3404 1409 3461 ceterorum

237 3490 409 3550 caelestium
436 3492 503 3552 laus
533 3485 721 3553 celebretur?
750 3525 786 3533 —
813 3491 983 3551 PosterIore
1012 3492 1111 3550 aetate
1134 3489 1272 3550 Herculis
1296 3490 1409 3548 cultum

237 3580 328 3638 etiam
352 3599 371 3638 a
396 3580 484 3638 Saliis
511 3585 667 3658 acceptum
693 3599 757 3640 esse
781 3600 871 3660 supra
894 3581 954 3638 iam
979 3580 1115 3656 exposui,
1143 3581 1244 3656 itaque
1269 3575 1409 3634 Herculis

237 3670 302 3728 laus
326 3669 358 3727 in
381 3671 561 3730 carminibus
586 3690 688 3730 eorum
714 3675 800 3730 canta
824 3689 889 3730 esse
908 3668 1040 3746 videtur,
1064 3687 1224 3743 eorumque
1244 3665 1409 3724 carminum

237 3757 315 3834 quod
338 3759 430 3818 fuerit
453 3764 665 3835 argumentum
689 3759 828 3820 discimus
851 3780 867 3818 1
886 3758 1021 3834 Vergilio
1040 3757 1113 3816 Aen.
1128 3755 1204 3814 VIII
1219 3756 1409 3831 ass-3023

237 3850 269 3906 at
291 3848 399 3906 harum
423 3867 524 3906 rerum
546 3849 622 3907 nihil
644 3848 703 3907 iam
729 3851 811 3907 extat
834 3849 944 3907 nostris
967 3845 1128 3905 carminum
1150 3843 1311 3903 Saliarium
1330 3845 1409 3921 frag-

238 3937 354 4011 mentis,
376 3955 446 3997 sane
467 3938 599 3997 carmina
618 3940 738 3997 vetusta
755 3937 810 3996 illa
829 3940 859 3997 et
878 3935 1041 4011 composita
1061 3937 1131 3992 sunt
1148 3936 1179 3992 et
1192 3951 1277 3994 sacra
1292 3937 1407 3994 sancta·

238 4045 295 4101 que
313 4026 394 4085 facta
412 4026 508 4085 multo
527 4031 686 4102 antequam
706 4024 867 4085 Herculem
887 4025 961 4084 Salii
980 4023 1105 4082 adorare
1124 4026 1295 4099 coeperunt.

300 4105 305 4112 ’
326 4114 440 4173 Deinde
460 4135 475 4173 1
490 4115 594 4175 Servio
614 4115 652 4174 ad
666 4115 740 4174 Aen.
756 4114 831 4174 VIII
847 4117 909 4176 285
931 4107 1069 4185 ‘Quidam
1087 4113 1179 4172 etiam
1194 4113 1298 4174 dicunt
1312 4112 1409 4171 Saltos

238 4204 378 4263 aMorrio
392 4223 464 4280 rege
474 4204 710 4265 Veientanorum
723 4204 888 4282 institutos,
903 4208 938 4264 ut
947 4203 1056 4263 11111111
1069 4202 1203 4279 Neptuni
1216 4203 1295 4262 filius
1306 4219 1409 4260 eorum

237 4293 366 4352 carmine
385 4294 569 4371 laudaretur,
591 4296 643 4370 qui
662 4295 792 4354 eiusdem
813 4294 893 4373 regis
912 4293 1045 4355 familiae
1065 4297 1169 4353 auctor
1188 4293 1310 4352 ultimus
1329 4280 1409 4367 fuit',
