3132 4858
503 122 664 178 Carminum
683 121 833 178 Saliarium
851 121 994 190 reliquiae.
1266 117 1331 183 329

247 289 323 352 τοὺ(
346 288 563 366 καλουμένου(
586 285 719 352 (ollone
824 286 1002 365 ὑμνοῦνται
1025 285 1083 349 τὸν
1102 281 1228 364 Ἰανόν’,
1251 287 1330 348 idem
1410 331 1411 334 ι

164 383 356 443 confirmatur
378 382 557 458 fragmentis
581 379 759 456 carminum,
786 381 818 438 in
845 379 952 457 quibus
982 379 1171 455 praecipuum
1200 377 1332 437 obtinuit
1404 451 1406 456 Ι

163 473 255 532 Ianus
273 473 370 530 locum
392 462 441 551 (fr.
462 461 573 551 1—4).
607 470 715 542 Ianum
734 471 835 528 autem
855 487 1005 527 summum
1023 468 1222 527 Romanorum
1241 467 1330 526 deum

165 561 235 622 olim
254 559 346 620 fuisse
366 559 500 636 caelique
518 562 671 636 potentem
690 562 779 634 atque
799 576 833 617 eo
851 559 883 617 in
901 559 965 617 loco
984 557 1155 616 habendum
1174 575 1253 633 esse,
1272 575 1331 631 quo

164 651 329 726 posteriore
352 651 450 709 aetate
473 649 608 725 Iuppiter
632 647 812 725 Graecisque
835 643 917 706 Zedc
943 649 1021 724 erat,
1049 647 1110 704 iam
1131 645 1247 705 Prcller
1269 645 1332 703 fere

164 739 322 814 intellexit,
336 738 430 797 Linde
437 729 462 819 ¹)
476 758 573 814 nuper
582 737 768 814 argumentis
779 735 921 813 firmavit,
938 755 1072 796 summus
1087 754 1157 795 vero
1172 735 1246 794 caeli
1260 734 1332 794 deus

67 873 70 880 .
165 830 238 906 quin
256 829 327 887 ante
346 829 445 888 omnia
462 827 494 886 in
512 827 676 887 Saliaribus
696 825 875 886 carminibus
895 825 1109 901 celebraretur,
1134 824 1253 884 omnino
1273 842 1333 882 non

164 916 230 992 fieri
247 916 353 993 potuit.
391 917 566 977 Recentiorc
584 936 676 992 quam
695 915 822 976 Saliaria
840 914 959 992 quidem
979 914 1112 974 carmina
1130 917 1216 972 erant
1233 915 1334 972 aetate

165 1007 257 1066 Ianus
277 1025 343 1065 cum
363 1007 430 1065 aliis
449 1007 629 1083 quibusdam
648 1005 693 1065 dis
711 1005 742 1063 in
757 1024 851 1063 unum
869 1005 956 1080 quasi
969 1022 1079 1062 numen
1093 1003 1240 1062 coaluisse
1253 1001 1334 1062 vide-

164 1099 223 1172 tur,
241 1097 325 1156 velut
344 1095 379 1155 cf.
398 1096 527 1156 Macrob.
546 1095 562 1154 Ι
582 1099 610 1172 9,
632 1096 685 1154 15:
710 1089 758 1152 ‘in
781 1094 872 1154 saeris
896 1112 1013 1171 quoque
1037 1093 1209 1152 invocamus
1228 1090 1334 1149 Ianum

166 1184 333 1261 Geminum,
348 1185 454 1244 Ianum
468 1187 593 1261 patrem,
608 1183 715 1243 Ianum
728 1182 896 1260 Iunonium,
910 1183 1016 1242 Ianum
1031 1181 1211 1258 Consivium,
1227 1180 1334 1239 Ianum

166 1274 332 1352 Quirinum,
350 1274 457 1333 Ianum
471 1275 640 1333 Patulcium
660 1277 691 1333 et
705 1267 881 1334 Olusivium’
902 1275 932 1330 et
946 1271 1064 1348 Lydum
1083 1272 1120 1331 de
1138 1289 1230 1331 mens.
1245 1268 1290 1327 IV
1303 1272 1334 1328 1:
1350 1325 1352 1328 .

163 1357 182 1421 d
206 1359 338 1437 Λαβεὼν
366 1358 425 1422 οὖν
453 1378 548 1436 φηςιν
576 1358 676 1422 αὐτὸν
699 1361 859 1422 καλεῑεθαι
882 1355 983 1421 Ἰανὸν
1008 1355 1165 1435 Κοείβιον,
1192 1356 1335 1419 τουτέιτι

165 1450 334 1526 βουλαῖον,
363 1445 464 1511 Ἰανὸν
492 1449 665 1530 κήνουλον,
695 1444 766 1510 οἷον
795 1444 1031 1524 εὐωχιαιτικόν,
1064 1445 1230 1523 πατρίκιον
1261 1442 1337 1508 circei

165 1534 360 1615 αὐτόχθονα,
394 1535 578 1616 Κλονείβιον
601 1534 681 1614 ,ἀντὶ
713 1539 771 1599 τοῦ
804 1534 941 1613 ὁδιαῑον,
978 1531 1159 1599 Ἰουνώνιον
1192 1533 1336 1597 τουτέετι

164 1623 287 1704 ἀέριον,
314 1627 449 1704 Κυρῖνον
469 1624 586 1690 ὡιανεῑ
604 1624 786 1704 πρόμαχον,
805 1625 1009 1689 Πατούλκιον
1027 1625 1078 1686 καὶ
1098 1623 1251 1688 Κλούαον
1270 1621 1335 1686 oic-

165 1715 212 1778 νεὶ
231 1715 356 1793 θυρεόν,
377 1713 563 1792 Κουριάτιον
582 1715 682 1779 οἱονεὶ
701 1713 825 1793 ἔφορον
845 1711 1013 1794 εὐγενῶν’;
1032 1717 1229 1794 intelligimus
1243 1716 1337 1794 igitur

162 1827 230 1866 cum
251 1807 346 1867 Conso
371 1808 425 1866 deo
450 1809 570 1868 etcum
595 1808 717 1878 Quirino
741 1807 846 1867 Ianum
870 1808 930 1866 iam
954 1806 1093 1865 confundi
1117 1805 1336 1882 aggregarique

164 1896 285 1973 Iunoni,
309 1897 399 1956 simul
418 1916 485 1956 eum
504 1898 662 1973 patricium
682 1901 712 1957 et
732 1896 898 1956 Curiatium
917 1896 1076 1972 appellari,
1101 1895 1180 1972 quod
1201 1893 1337 1970 gentium
1366 1915 1369 1920 ’

165 1985 364 2064 patriciarum
383 1987 455 2047 deus
470 1990 558 2048 vetus
573 1990 645 2047 erat.
681 1987 746 2048 Iam
765 1989 854 2046 antea
867 1986 958 2046 Ianus
977 1985 1159 2062 caelipotens
1178 2003 1246 2044 cum
1266 1984 1337 2043 solis

165 2074 219 2134 deo
239 2076 396 2153 concrevit,
415 2075 494 2152 quod
514 2077 605 2136 ctiam
623 2077 689 2136 Iovi
707 2075 850 2136 accidisse
870 2095 886 2134 e
905 2075 1080 2152 cognomine
1099 2073 1225 2132 Lucerio
1243 2072 1337 2132 Salio·

165 2183 241 2239 rum,
256 2162 400 2224 Oscorum
410 2165 536 2225 Lucetio
552 2164 693 2242 efficitur,
707 2185 806 2243 ¹quare
821 2163 874 2224 Sol
888 2184 947 2225 non
962 2165 1049 2224 modo
1063 2163 1164 2240 Ianus,
1181 2163 1233 2223 sed
1247 2163 1338 2222 etiam

166 2247 294 2312 ‘duonus
315 2247 420 2314 Gerus’
439 2255 635 2315 invocabatur
653 2247 732 2336 (cide
750 2256 790 2315 cd
807 2256 845 2329 fr.
859 2245 904 2336 2).

253 2343 346 2402 Marti
363 2345 521 2419 praeterea
539 2347 728 2405 consecratos
747 2362 811 2404 esse
832 2343 929 2403 Salios
948 2345 979 2402 et
998 2361 1033 2403 ex
1051 2343 1088 2404 fr.
1104 2344 1123 2402 8
1143 2342 1273 2402 efficitur
1293 2373 1336 2382 --

164 2451 233 2490 nam
251 2433 417 2493 Mamurius
436 2434 542 2494 Martis
562 2434 610 2494 dei
629 2451 793 2512 cognomen
812 2434 892 2510 erat,
914 2433 949 2492 cf.
970 2451 1074 2492 comm.
1093 2431 1132 2490 ad
1149 2431 1186 2489 fr.
1203 2433 1221 2491 8
1244 2461 1285 2471 -
1305 2433 1336 2489 et

165 2521 324 2596 scriptores
348 2523 516 2599 complures
540 2525 705 2599 testantur,
730 2523 808 2582 sicut
826 2522 930 2583 Livius
954 2521 968 2579 I
993 2523 1044 2597 20,
1065 2522 1099 2580 4:
1125 2513 1239 2579 ‘Salios
1262 2519 1335 2578 item

165 2609 321 2669 duodecim
334 2611 425 2670 Marti
440 2611 569 2673 Gradivo
589 2606 685 2689 legit',
708 2615 813 2672 auctor
832 2611 868 2670 de
886 2611 940 2672 vir.
955 2611 998 2669 ill.
1013 2629 1036 2670 c.
1052 2612 1085 2669 3:
1105 2604 1214 2668 ‘Salios
1229 2608 1335 2668 Martis

166 2699 344 2775 sacerdotes,
364 2720 492 2775 quorum
506 2702 620 2776 primus
635 2702 755 2778 praesul
768 2707 901 2776 vocatur,
918 2700 1071 2760 duodecim
1086 2691 1244 2773 instituit',
1264 2697 1335 2757 Luc.
1399 2743 1404 2754 .

165 2787 200 2846 de
220 2789 287 2848 salt.
307 2790 363 2848 20:
388 2781 589 2871 ³(dpxricewc)
611 2789 651 2866 ἣν
670 2786 701 2851 oi
720 2786 941 2863 εὐγενέετατοι
964 2784 1072 2849 αὐτῶν
1093 2789 1139 2867 τῷ
1159 2785 1334 2862 πολεμικω-

163 2872 249 2957 τάτῳ
273 2877 339 2937 τῶν
362 2877 447 2940 θεῶν
465 2873 553 2954 Ἄρει
575 2875 605 2940 οἱ
625 2875 731 2941 (divor
754 2875 945 2953 καλούμενοι
1040 2871 1237 2952 ὀρχοῦνται’,
1261 2877 1335 2937 alios

163 2966 283 3041 quidem
311 2973 432 3043 praeter
459 2969 587 3029 Martem
619 2971 773 3046 appellant
805 2968 875 3028 deos
904 2967 1025 3028 Servius
1053 2959 1160 3048 (Dan.)
1194 2968 1232 3026 ad
1259 2965 1335 3026 Aen.

164 3055 237 3113 VIII
252 3058 330 3116 285:
349 3051 432 3118 ‘sunt
450 3062 549 3118 autem
565 3059 638 3118 Salii
652 3059 757 3118 Martis
773 3061 804 3118 et
817 3051 969 3119 Herculis'
984 3061 1049 3134 etc,
1068 3060 1100 3116 et
1113 3055 1178 3116 Liv.
1193 3055 1221 3111 V
1236 3056 1286 3132 52,
1302 3058 1336 3114 7:

165 3137 248 3219 ‘quid
267 3146 304 3203 de
322 3147 466 3207 ancilibus
486 3149 595 3208 vestris
612 3149 691 3208 Mars
708 3147 839 3208 Gradive
858 3151 952 3223 tuque
972 3145 1094 3215 Quirine
1112 3136 1230 3220 paterl'
1259 3147 1335 3204 cete-

163 3253 232 3291 rum
246 3233 370 3293 Martios
385 3254 450 3295 esse
469 3237 638 3297 sacerdotes
657 3239 706 3296 vel
725 3257 760 3296 ex
774 3236 920 3312 ancilibus
935 3234 1072 3310 omnique
1088 3235 1263 3294 ornamento
1280 3231 1334 3292 Sa-

164 3322 273 3381 liorum
293 3325 421 3401 conspici
435 3327 544 3401 potest,
564 3344 657 3403 eaque
677 3346 692 3386 e
711 3345 744 3386 re
763 3325 967 3403 cognoscimus
986 3323 1075 3384 simul
1089 3323 1227 3399 Martem,
1246 3341 1335 3400 quem

164 3411 244 3472 veris
264 3413 394 3489 solisque
419 3414 468 3475 vel
486 3416 557 3474 anni
575 3415 663 3475 deum
682 3414 767 3474 initio
786 3414 880 3474 fuisse
898 3416 1027 3491 constat,
1050 3411 1174 3473 beIlIcas
1193 3412 1335 3489 adeptum

164 3520 229 3561 esse
253 3501 380 3562 virtutes
404 3507 439 3562 ut
461 3504 571 3580 ubique
593 3504 638 3563 ita
661 3504 753 3564 ctiam
778 3505 856 3581 apud
882 3503 990 3580 Salios,
1019 3503 1071 3579 qui
1096 3521 1166 3561 mox
1188 3502 1334 3562 Pavorem

162 3590 384 3668 Palloremque,
412 3592 516 3652 Martis
540 3593 653 3654 scilicet
675 3594 809 3668 comites,
834 3593 904 3653 deos
928 3593 1097 3668 coluerunt,
1124 3594 1155 3650 et
1178 3591 1251 3650 haec
1271 3592 1334 3650 fere

163 3680 326 3757 Dionysius
350 3680 447 3742 dicere
465 3681 584 3742 videtur
601 3683 633 3741 Π
654 3684 707 3743 7οι
731 3677 836 3742 (οὗτοι
861 3676 979 3742 πάντες
1003 3677 1034 3740 οἱ
1053 3675 1159 3740 (cilios
1185 3676 1334 3755 χορευταὶ

163 3766 246 3829 τινέι
266 3766 322 3829 εἰει
341 3767 392 3830 καὶ
410 3766 543 3846 ὑμνηταὶ
562 3772 628 3831 τῶν
647 3767 796 3831 ἐνόπλων
816 3764 925 3831 θεῶν’.

253 3857 429 3920 recentiore
444 3865 543 3921 aetate
558 3861 719 3920 Herculem
737 3861 816 3919 inter
830 3860 901 3919 deos
919 3878 938 3918 a
953 3858 1043 3918 Saliis
1063 3859 1159 3918 cultos
1179 3860 1333 3934 receptum

165 3965 229 4007 esse
248 3947 481 4029 primariumque
496 3951 629 4011 tenuisse
642 3951 741 4010 locum
761 3950 1063 4026 supramemoratum
1079 3950 1133 4022 est,
1153 3948 1188 4007 cf.
1203 3947 1333 4008 Macrob.

164 4036 215 4100 III,
227 4039 276 4113 12,
292 4038 325 4097 5:
346 4032 457 4100 ‘Salios
476 4044 577 4101 autem
591 4040 715 4099 Herculi
730 4038 868 4100 ubertate
887 4039 1039 4099 doctrinae
1054 4037 1170 4097 alti0ris
1190 4037 1333 4114 assignat,

165 4126 235 4203 quia
257 4127 283 4186 is
302 4126 374 4185 deus
394 4131 424 4188 et
447 4131 527 4204 apud
545 4129 699 4205 pontifices
717 4129 798 4188 idem
817 4129 868 4205 qui
888 4131 918 4189 ct
936 4129 1017 4186 Mars
1039 4126 1176 4187 habetur.
1201 4170 1252 4183 ...
1277 4126 1335 4185 Est

252 4317 278 4385 1)
293 4314 336 4370 De
345 4315 417 4370 Ioco
426 4331 529 4370 summo
538 4315 726 4372 Romanorum
734 4318 782 4373 deo
796 4318 861 4384 (aot.
872 4317 947 4371 waic.
959 4313 1332 4384 Laadcasicool.27)1891.
