3132 4858
220 134 285 197 332
658 133 688 190 Β.
703 132 948 190 Maurenbreeherx

219 303 256 362 ab
280 302 317 362 iis
336 304 534 378 temporibus,
556 323 683 379 quorum
701 307 893 363 monumenta
912 306 1043 363 aetatem
1062 304 1205 380 tulerunt,
1223 299 1386 381 perierunt,

218 392 254 451 cI.
270 411 358 451 mano
378 391 476 465 (inser.
492 394 598 460 Dneni,
617 395 726 452 soeculi
744 397 841 466 quarti
859 413 886 452 o.
902 392 969 452 Olea.
985 395 1036 466 n),
1056 393 1152 452 Lebro
1167 391 1267 465 (insen
1281 394 1385 453 Pisan-

217 481 337 554 rensis),
361 482 502 560 Feronia,
525 482 658 541 Loucina
677 480 811 554 (Pisauri
829 481 980 558 alibique),
1004 482 1051 540 die
1071 481 1207 560 (Boea),
1230 481 1304 541 Fide
1323 481 1386 555 (Pi-

218 568 326 648 saur.);
346 574 449 630 eontra
463 572 496 631 oi
514 573 666 632 servatum
681 574 727 631 est
740 571 772 630 in
785 571 879 630 fibula
893 571 985 630 Manii
1000 572 1194 632 Praenestina
1207 565 1386 632 ‘Nnrnosioi'

218 662 301 718 sexto
321 660 384 719 fero
404 681 429 720 a.
444 658 512 721 (thr.
528 679 556 719 n.
575 661 692 719 saeculo
711 660 903 738 assignanda3
923 663 953 720 et
967 660 1063 720 Salios
1084 663 1147 729 deo,
1167 653 1227 720 no'n
1245 663 1307 722 deot
1326 663 1385 720 elo·

217 752 303 808 outos
323 767 387 809 esse
407 770 422 810 e
441 751 531 810 metri
549 753 659 808 natura
677 750 750 808 mihi
769 751 889 826 quidem
907 750 1099 810 verisimilius
1119 753 1172 810 est.

306 884 339 952 2.
364 890 388 951 Ο
410 892 482 969 Zol,
502 893 645 952 adoriso
665 893 845 952 omnia-
863 892 972 952 verod
992 891 1137 951 Patulci
1155 894 1296 971 cosmis3

364 981 411 1040 Es
426 980 562 1040 Sancus
577 981 676 1040 lanis
698 983 847 1059 duonus‚
867 1014 907 1022 -
929 980 1038 1040 Gerus
1059 1001 1094 1040 es
1115 982 1251 1042 duonus
1270 983 1387 1054 Ianus.

306 1097 504 1152 Testimon:
523 1097 611 1152 Varro
633 1097 675 1152 de'
686 1099 754 1168 ling.
773 1097 823 1153 lat.
844 1098 908 1150 VIII
928 1105 975 1153 27:
995 1098 1038 1152 ‘In
1057 1098 1153 1152 multis
1173 1098 1265 1152 verbis
1282 1098 1312 1152 in
1331 1116 1386 1166 quo

218 1169 328 1238 antiqui
348 1168 481 1222 dicebant
500 1187 523 1237 s,
540 1172 639 1239 postea
657 1169 762 1224 dictum
781 1189 802 1237 r,
822 1172 854 1223 nt
871 1169 900 1223 in
920 1167 1048 1223 Carmine
1064 1169 1201 1224 Saliorum
1221 1171 1285 1222 sunt
1303 1171 1386 1224 haee:

217 1259 240 1296 e.
257 1258 283 1308 q.
299 1241 333 1295 s.’
350 1271 383 1280 -
398 1239 459 1296 Vel.
475 1241 597 1308 Longus.
612 1240 675 1309 (VII
689 1259 715 1310 p.
727 1246 760 1296 51
775 1240 824 1310 K):
844 1242 885 1310 (Z)
898 1240 984 1312 '‘mihi
997 1241 1108 1295 videtur
1120 1257 1177 1295 nec
1192 1241 1285 1294 aliena
1298 1241 1386 1296 latino

218 1311 339 1366 sermoni
356 1312 451 1380 fuisse,
471 1328 534 1366 curn
552 1311 710 1366 inveniatur
727 1313 759 1366 in
777 1310 899 1366 carmine
918 1311 1040 1367 Saliari’.
1061 1342 1094 1352 -
1114 1311 1231 1367 Tertull.
1250 1312 1324 1381 apol.
1341 1319 1386 1366 10:

218 1383 368 1454 ‘(1taIiam)
386 1382 418 1437 In
438 1399 493 1452 qua
507 1383 642 1438 Saturnus
659 1427 700 1440 ...
715 1385 847 1454 exceptus
863 1384 898 1438 ab
912 1383 980 1438 [ano
998 1384 1044 1438 vel
1057 1383 1122 1439 Iane
1138 1385 1171 1437 ut
1184 1382 1255 1454 Salii
1268 1382 1385 1439 volunt!

304 1455 380 1509 Var.
400 1455 490 1509 leet:
511 1453 746 1511 ‘oozeulcdorieso
768 1499 773 1511 .
794 1455 868 1509 omia
886 1455 921 1509 rio
941 1455 1077 1525 adpatula
1100 1454 1255 1510 coemisse.
1271 1453 1319 1508 ian
1341 1472 1386 1508 cu-

214 1527 304 1580 sianes
323 1526 430 1580 duonus
451 1541 586 1581 cerussa.
614 1526 683 1593 dun3
711 1527 828 1582 Ianusue
853 1529 902 1582 net
927 1527 1066 1596 pdmelios
1089 1543 1153 1581 eum
1176 1527 1281 1582 reoum’
1308 1527 1387 1582 habet

216 1599 304 1653 locuni
322 1597 364 1665 F,
387 1603 516 1652 secuntur
539 1603 669 1667 qnottnor
691 1595 1038 1667 spotiaoaeuo.—1.'O
1059 1597 1108 1652 Zol
1128 1599 1251 1668 adoriae]
1274 1599 1384 1652 conieci.

216 1699 249 1708 —
269 1667 356 1723 Ozeul
374 1669 502 1724 adosiose
521 1671 627 1740 Berqlr,
649 1671 721 1738 qnod
741 1669 828 1726 Solent
846 1686 900 1724 esse
914 1670 1027 1740 potuit
1045 1671 1152 1724 collatis
1175 1668 1233 1723 oso
1252 1669 1384 1724 Etrusco·

214 1758 276 1794 rane
295 1747 375 1810 atque
394 1741 515 1796 Aureliis
534 1739 701 1795 Sabinorum
724 1758 768 1810 ap.
790 1741 872 1796 Paul.
891 1759 923 1809 p.
943 1747 979 1795 18
999 1743 1076 1807 (23),
1105 1741 1202 1794 deinde
1225 1745 1385 1808 comparata

214 1813 303 1882 qlossa
323 1810 415 1881 (dorp.
434 1813 512 1880 qloso.
534 1813 576 1865 ΙΙ
593 1829 622 1880 p.
643 1819 671 1880 8,
690 1815 740 1872 21)
762 1813 936 1880 ‘adoriosus‚
963 1810 1099 1878 tvtoioc',
1124 1810 1233 1864 OZeuI
1252 1809 1386 1864 adoriesis

214 1884 332 1950 Jordan,
346 1882 447 1938 Oozevi
462 1882 590 1938 adoriose
601 1883 692 1938 Haoet
704 1887 750 1951 (=
763 1883 928 1951 Consioins),
944 1882 1038 1948 Ozeul,
1053 1896 1070 1935 0
1083 1881 1195 1936 domine
1210 1899 1239 1936 es
1249 1882 1386 1951 Bdlarens,

215 1955 237 2008 Ο
252 1954 320 2008 Zaul
340 1954 465 2010 adoriens
479 1955 590 2010 Zander
605 1957 652 2021 (=
666 1955 712 2010 Sol
726 1956 856 2023 adorire).
872 1986 907 1994 —
922 1952 1023 2021 omnia,
1042 1953 1129 2008 verod
1144 1953 1254 2008 Patulci
1271 1952 1386 2024 eosmis]

213 2025 300 2081 vercd
307 2032 332 2080 et
340 2027 440 2080 cosmis
451 2042 480 2080 es
491 2027 602 2093 conieci,
610 2027 704 2080 omnia
711 2028 742 2080 in
749 2027 847 2092 codice,
857 2025 952 2080 omina
960 2040 1026 2080 vero
1034 2023 1157 2092 Corosen,
1164 2025 1256 2096 Berqlc
1264 2024 1386 2090 (osmina

211 2098 349 2166 praeferre
362 2115 389 2152 se
403 2099 495 2166 Beryto
508 2097 601 2166 dixit),
620 2097 654 2150 ad
670 2096 796 2152 Patuloie
812 2097 895 2151 misse
907 2098 998 2167 Berqlc
1014 2099 1059 2163 (=
1071 2097 1243 2166 precationes
1253 2097 1387 2164 admitte),

214 2168 358 2224 Patulcius
382 2168 520 2222 Glusivius
542 2168 665 2236 Jordan,
693 2168 801 2222 Patulti
823 2185 910 2222 oenus
933 2185 963 2223 es
987 2169 1092 2235 Hand,
1119 2169 1164 2238 (de
1187 2167 1385 2222 omniaveroad

213 2245 323 2310 aterque
346 2242 517 2309 desperans),
546 2237 669 2294 omnium
693 2243 785 2308 pater,
810 2239 921 2294 Patuloi
945 2239 1036 2294 Cloesi
1058 2240 1197 2308 Bdhrens,
1225 2257 1320 2294 verom
1350 2239 1386 2292 ad

213 2313 292 2380 palla
315 2311 418 2366 ooemis
441 2328 469 2365 es
490 2312 599 2365 Zanden
619 2314 666 2378 (==
685 2313 723 2366 ad
743 2317 888 2380 nonarum
909 2317 1032 2380 patentes
1055 2313 1149 2366 aditus
1171 2314 1325 2377 comesos).
1352 2341 1384 2350 -

214 2389 237 2438 2.
259 2382 363 2437 Sancus
377 2382 463 2455 lanis]
482 2384 596 2450 carreni,
614 2381 675 2436 Iani
691 2382 816 2436 ousianes
832 2381 945 2438 Corssen
958 2386 1005 2448 (=
1020 2384 1168 2452 uniones),
1186 2381 1289 2436 ianitos
1303 2380 1385 2435 Ianes

213 2455 305 2524 Berqlc
324 2471 469 2525 perperam
489 2459 646 2524 conparato
664 2453 755 2510 Panlo
774 2472 803 2523 p.
823 2458 860 2509 73
880 2457 973 2522 (103):
1000 2454 1126 2522 ‘ianuas
1146 2451 1277 2518 ianitor'‚
1301 2453 1385 2508 Ianus

213 2525 343 2581 surianus
363 2543 391 2580 es
411 2525 531 2593 Jordan,
549 2525 656 2580 ianieus
675 2526 740 2581 Iane
761 2542 790 2580 es
807 2525 908 2594 Havet,
927 2543 956 2581 es
974 2525 1082 2591 laneus,
1101 2525 1179 2580 ianes
1199 2541 1228 2578 es
1249 2525 1386 2592 Bdlnens,

212 2596 310 2652 ianeus
329 2598 409 2652 lanes
428 2597 547 2652 Znnder.
568 2628 600 2637 -
620 2597 741 2669 duonus]
759 2597 840 2667 onlqo
859 2599 898 2652 ad
915 2598 1087 2667 insequentia
1104 2597 1230 2664 refertur.
1247 2628 1280 2636 —
1302 2597 1385 2650 Corus

213 2669 254 2739 es]
271 2686 339 2724 corr.
356 2667 476 2724 Gorssen.
489 2699 522 2708 -
536 2668 644 2724 duonus
657 2666 753 2739 Ianus]
768 2668 946 2738 eornBerqle,
961 2685 1047 2723 oenus
1057 2669 1192 2732 Bdterens,
1206 2670 1255 2737 qni
1267 2667 1384 2722 Ianusue

213 2742 262 2795 uet
281 2741 363 2806 delet;
381 2742 488 2809 reliqna
506 2741 540 2794 ab
554 2741 603 2795 doe
615 2741 769 2809 frequento
787 2741 906 2807 reinnai,
925 2741 959 2808 of.
974 2742 1009 2806 fr.
1021 2744 1053 2810 3,·
1072 2741 1154 2794 ettam
1168 2740 1260 2810 Berqlc
1278 2740 1385 2808 quiden

212 2813 284 2866 dano
304 2812 438 2866 Varronis
457 2812 545 2867 locum
563 2813 594 2864 in
612 2812 669 2866 tria
688 2812 831 2866 distribuit
848 2813 1014 2883 fraqneenta,
1028 2813 1152 2881 primurn
1166 2816 1230 2880 post
1249 2809 1384 2876 adoneae,

216 2883 280 2938 dein
296 2888 358 2952 post
377 2882 461 2938 Gerus
480 2899 509 2938 es
528 2883 732 2951 interponqens.

304 2978 493 3040 Comment.
530 2981 712 3058 PrIusquum
735 2981 771 3039 de
796 2981 946 3040 sententia
967 2979 1131 3056 fragmenti
1155 2977 1286 3038 omnium
1310 2996 1386 3054 quae

214 3072 345 3129 aetatem
360 3070 496 3129 tulerunt
514 3070 635 3129 maximi
649 3069 807 3145 disseram,
826 3070 919 3130 verbo
936 3069 1012 3146 ipsa,
1031 3069 1178 3143 quomodo
1199 3068 1386 3127 restituenda

213 3161 304 3236 atque
324 3159 511 3234 explananda
525 3159 586 3218 sint
602 3158 816 3233 disputandum
831 3162 886 3217 est.
905 3160 984 3216 -Ε
1003 3159 1095 3236 longa
1112 3157 1166 3217 illa
1184 3176 1291 3217 vocum
1310 3157 1386 3217 Iace-

212 3267 313 3308 rarum
336 3248 565 3324 litterarumque
589 3247 784 3307 obscurarum
808 3248 884 3308 serie
913 3247 1046 3308 eminent
1068 3265 1163 3322 pauca
1189 3246 1282 3306 verba
1305 3247 1386 3305 haud

212 3340 363 3415 corrupta,
378 3356 462 3413 quae,
478 3338 503 3396 si
512 3339 577 3396 loco
588 3337 700 3397 mederi
710 3336 857 3404 volumus,
873 3337 1285 3397 anteomniaeoeuratissime
1299 3337 1385 3394 nobis

213 3427 400 3487 observanda
415 3430 494 3486 sunt¹
512 3427 597 3488 volui
611 3420 744 3492 ‘onnia’,
759 3418 895 3486 ‘dnonas'
911 3418 962 3508 (of.
978 3425 1065 3501 Oorp.
1075 3427 1167 3502 gloss.
1181 3425 1211 3484 Π
1226 3446 1255 3500 p.
1271 3425 1385 3500 56,56:
1428 3431 1437 3448 ·

213 3517 343 3594 duonoS,
363 3509 511 3594 ἀγαθός),
536 3509 640 3575 ‘Ceras
659 3508 709 3582 es'‚
734 3509 852 3574 ‘Ionas'
872 3517 955 3575 certa
974 3533 1040 3574 esse
1058 3515 1212 3590 videntum
1236 3533 1290 3589 pro
1309 3515 1385 3582 dnn;

213 3597 272 3687 (==
287 3596 400 3687 durrus)
419 3605 498 3664 facili
517 3604 683 3664 mutatione
702 3597 839 3664 ‘dnonas'
864 3604 1052 3664 scribendum
1073 3608 1132 3682 est,
1156 3605 1228 3663 Item
1249 3621 1265 3661 e
1279 3602 1386 3676 patula

212 3694 278 3753 Iani
291 3695 419 3754 Patulcii
438 3713 546 3754 nomen
564 3693 669 3769 proool
688 3693 777 3754 dubio
797 3695 970 3771 eruendum,
989 3695 1025 3754 cf.
1040 3694 1169 3753 Macrob.
1183 3692 1200 3750 I
1215 3694 1243 3766 9,
1260 3691 1314 3750 15:
1333 3684 1386 3749 ‘In

213 3783 305 3844 saeris
323 3803 440 3860 quoque
455 3783 626 3842 invocemus
645 3826 696 3842 ...
712 3827 718 3841 .
737 3781 843 3842 Ianum
858 3783 1028 3844 Patulcium
1048 3786 1079 3842 et
1093 3772 1280 3853 Olusivium'‚
1301 3777 1387 3840 Ovio.

212 3874 281 3934 fast.
296 3873 312 3932 I
329 3875 405 3932 127:
425 3866 524 3932 ‘Modo
542 3891 671 3948 namque
685 3872 838 3933 Patulcius
856 3873 934 3932 idem
954 3874 995 3931 Et
1013 3872 1099 3930 modo
1117 3869 1248 3930 sacrifico
1265 3867 1387 3930 Clusius

213 3981 264 4022 ore
282 3955 398 4037 vocor',
417 3962 498 4022 Serv.
519 3962 557 4021 ad
574 3960 649 4022 Aen.
670 3959 825 4022 v11611:
850 3956 917 4021 ‘alii
938 3960 1101 4021 Clusiuium
1121 3959 1236 4034 dieunt,
1261 3958 1312 4018 alii
1330 3959 1386 4018 Pa-

213 4051 355 4125 tulcium,
379 4051 457 4129 quod
476 4050 673 4126 petendarum
694 4055 850 4128 portarum
869 4053 979 4110 habeat
999 4043 1200 4127 potestatem,
1224 4049 1327 4126 Lydus
1351 4049 1386 4106 de

214 4160 307 4201 mens.
321 4141 365 4200 IV
381 4144 415 4202 1:
435 4135 486 4200 “0
502 4136 635 4215 Λαβεὼν
654 4135 713 4200 οὖν
732 4157 828 4216 φηςιν
847 4135 947 4201 αὐτὸν
961 4137 1122 4200 coleston
1144 4183 1150 4197 .
1166 4185 1172 4198 .
1188 4185 1195 4198 .
1211 4185 1217 4197 .
1238 4132 1385 4199 l'lorotl-

211 4246 280 4290 κιον
310 4228 360 4291 καὶ
391 4226 545 4292 Κλούειον
573 4224 672 4298 οἱονλεὶ
701 4222 842 4304 θυρεόν’.
872 4262 909 4270 -
939 4228 1055 4288 Dehine
1083 4229 1156 4304 quid
1182 4229 1213 4288 in
1240 4225 1387 4301 corruptis

211 4319 336 4398 syllabis
356 4322 452 4382 lateat
474 4320 638 4382 videamus.
676 4319 780 4397 Atque
804 4319 836 4379 in
858 4319 944 4380 initio
968 4321 999 4402 et
1019 4317 1106 4380 Oeenl
1127 4319 1176 4379 vel
1201 4317 1265 4377 Usil
1282 4315 1334 4376 ills
1356 4318 1387 4376 et
