<?xml version="1.0" encoding="UTF-8"?>
<!DOCTYPE html PUBLIC "-//W3C//DTD XHTML 1.0 Transitional//EN"
    "http://www.w3.org/TR/xhtml1/DTD/xhtml1-transitional.dtd">
<html xmlns="http://www.w3.org/1999/xhtml" xml:lang="en" lang="en">
 <head>
  <title>
</title>
<meta http-equiv="Content-Type" content="text/html;charset=utf-8" />
  <meta name='ocr-system' content='tesseract 3.04.00' />
  <meta name='ocr-capabilities' content='ocr_page ocr_carea ocr_par ocr_line ocrx_word'/>
</head>
<body>
  <div class='ocr_page' id='page_1' title='image "./carminumsaliari01maurgoog_0012.png"; bbox 0 0 3132 4858; ppageno 0'>
   <div class='ocr_carea' id='block_1_1' title="bbox 524 207 1015 279">
    <p class='ocr_par' dir='ltr' id='par_1_1' title="bbox 524 207 1015 279">
     <span class='ocr_line' id='line_1_1' title="bbox 524 207 1015 279; baseline 0.002 -15"><span class='ocrx_word' id='word_1_1' title='bbox 524 208 684 264; x_wconf 82' lang='lat' dir='ltr'>Oarminum</span> <span class='ocrx_word' id='word_1_2' title='bbox 703 207 852 264; x_wconf 84' lang='lat' dir='ltr'>Saliarium</span> <span class='ocrx_word' id='word_1_3' title='bbox 870 207 1015 279; x_wconf 78' lang='lat' dir='ltr'>reliquiae.</span> 
     </span>
    </p>
   </div>
   <div class='ocr_carea' id='block_1_2' title="bbox 186 370 1358 2330">
    <p class='ocr_par' dir='ltr' id='par_1_2' title="bbox 319 370 1121 546">
     <span class='ocr_line' id='line_1_2' title="bbox 319 370 1121 456; baseline 0 -20"><span class='ocrx_word' id='word_1_4' title='bbox 319 370 465 438; x_wconf 73' lang='lat' dir='ltr'>‘Nominis</span> <span class='ocrx_word' id='word_1_5' title='bbox 485 397 549 438; x_wconf 88' lang='lat' dir='ltr'>esse</span> <span class='ocrx_word' id='word_1_6' title='bbox 566 381 667 454; x_wconf 91' lang='lat' dir='ltr'>potest</span> <span class='ocrx_word' id='word_1_7' title='bbox 686 379 852 439; x_wconf 89' lang='lat' dir='ltr'>sueoinotus</span> <span class='ocrx_word' id='word_1_8' title='bbox 870 396 961 438; x_wconf 88' lang='lat' dir='ltr'>eausa</span> <span class='ocrx_word' id='word_1_9' title='bbox 978 378 1121 456; x_wconf 76' lang='lat' dir='ltr'><strong>minister,</strong></span> 
     </span>
     <span class='ocr_line' id='line_1_3' title="bbox 364 468 973 546; baseline -0.002 -19"><span class='ocrx_word' id='word_1_10' title='bbox 364 468 470 527; x_wconf 90' lang='lat' dir='ltr'>Hostia</span> <span class='ocrx_word' id='word_1_11' title='bbox 488 469 645 528; x_wconf 82' lang='lat' dir='ltr'>caelitibus</span> <span class='ocrx_word' id='word_1_12' title='bbox 664 488 722 543; x_wconf 90' lang='lat' dir='ltr'>quo</span> <span class='ocrx_word' id='word_1_13' title='bbox 740 468 867 528; x_wconf 88' lang='lat' dir='ltr'>feriente</span> <span class='ocrx_word' id='word_1_14' title='bbox 885 468 973 546; x_wconf 87' lang='lat' dir='ltr'>cadit,</span> 
     </span>
    </p>

    <p class='ocr_par' dir='ltr' id='par_1_3' title="bbox 319 557 1095 725">
     <span class='ocr_line' id='line_1_4' title="bbox 319 557 1092 634; baseline 0 -18"><span class='ocrx_word' id='word_1_15' title='bbox 319 557 378 628; x_wconf 78' lang='lat' dir='ltr'>Qui</span> <span class='ocrx_word' id='word_1_16' title='bbox 395 557 490 616; x_wconf 89' lang='lat' dir='ltr'>oalido</span> <span class='ocrx_word' id='word_1_17' title='bbox 510 557 629 617; x_wconf 79' lang='lat' dir='ltr'>strictos</span> <span class='ocrx_word' id='word_1_18' title='bbox 648 558 797 618; x_wconf 81' lang='lat' dir='ltr'>tincturus</span> <span class='ocrx_word' id='word_1_19' title='bbox 817 558 962 634; x_wconf 84' lang='lat' dir='ltr'>sanguine</span> <span class='ocrx_word' id='word_1_20' title='bbox 980 557 1092 616; x_wconf 88' lang='lat' dir='ltr'>oultros</span> 
     </span>
     <span class='ocr_line' id='line_1_5' title="bbox 364 639 1095 725; baseline 0.001 -21"><span class='ocrx_word' id='word_1_21' title='bbox 364 646 485 722; x_wconf 79' lang='lat' dir='ltr'>Semper</span> <span class='ocrx_word' id='word_1_22' title='bbox 503 639 637 725; x_wconf 75' lang='lat' dir='ltr'>‘agatne&#39;</span> <span class='ocrx_word' id='word_1_23' title='bbox 655 650 752 725; x_wconf 84' lang='lat' dir='ltr'>rogat,</span> <span class='ocrx_word' id='word_1_24' title='bbox 769 665 824 706; x_wconf 87' lang='lat' dir='ltr'>nee</span> <span class='ocrx_word' id='word_1_25' title='bbox 843 647 900 706; x_wconf 89' lang='lat' dir='ltr'>nisi</span> <span class='ocrx_word' id='word_1_26' title='bbox 917 647 1006 707; x_wconf 88' lang='lat' dir='ltr'>iussit</span> <span class='ocrx_word' id='word_1_27' title='bbox 1025 647 1095 722; x_wconf 83' lang='lat' dir='ltr'>agit.</span> 
     </span>
    </p>

    <p class='ocr_par' dir='ltr' id='par_1_4' title="bbox 318 735 1227 903">
     <span class='ocr_line' id='line_1_6' title="bbox 318 735 1227 813; baseline 0 -19"><span class='ocrx_word' id='word_1_28' title='bbox 318 736 402 813; x_wconf 85' lang='lat' dir='ltr'>Pars,</span> <span class='ocrx_word' id='word_1_29' title='bbox 421 735 570 813; x_wconf 91' lang='lat' dir='ltr'>quianon</span> <span class='ocrx_word' id='word_1_30' title='bbox 587 736 710 798; x_wconf 80' lang='lat' dir='ltr'>ueniant</span> <span class='ocrx_word' id='word_1_31' title='bbox 726 737 854 813; x_wconf 79' lang='lat' dir='ltr'>pecudes</span> <span class='ocrx_word' id='word_1_32' title='bbox 874 737 927 796; x_wconf 83' lang='lat' dir='ltr'>aad</span> <span class='ocrx_word' id='word_1_33' title='bbox 945 738 1081 813; x_wconf 82' lang='lat' dir='ltr'>agantur,</span> <span class='ocrx_word' id='word_1_34' title='bbox 1101 736 1139 794; x_wconf 91' lang='lat' dir='ltr'>ab</span> <span class='ocrx_word' id='word_1_35' title='bbox 1158 740 1227 794; x_wconf 88' lang='lat' dir='ltr'>aotu</span> 
     </span>
     <span class='ocr_line' id='line_1_7' title="bbox 365 824 1012 903; baseline 0.002 -19"><span class='ocrx_word' id='word_1_36' title='bbox 365 825 480 885; x_wconf 90' lang='lat' dir='ltr'>Nomen</span> <span class='ocrx_word' id='word_1_37' title='bbox 498 824 666 903; x_wconf 76' lang='lat' dir='ltr'>Agonalem</span> <span class='ocrx_word' id='word_1_38' title='bbox 685 825 779 886; x_wconf 83' lang='lat' dir='ltr'>eredit</span> <span class='ocrx_word' id='word_1_39' title='bbox 797 827 907 885; x_wconf 89' lang='lat' dir='ltr'>habere</span> <span class='ocrx_word' id='word_1_40' title='bbox 926 825 1012 885; x_wconf 88' lang='lat' dir='ltr'>diem.</span> 
     </span>
    </p>

    <p class='ocr_par' dir='ltr' id='par_1_5' title="bbox 321 914 1128 1080">
     <span class='ocr_line' id='line_1_8' title="bbox 321 914 1128 993; baseline 0.001 -20"><span class='ocrx_word' id='word_1_41' title='bbox 321 914 366 973; x_wconf 84' lang='lat' dir='ltr'>An</span> <span class='ocrx_word' id='word_1_42' title='bbox 387 915 457 993; x_wconf 89' lang='lat' dir='ltr'>quia</span> <span class='ocrx_word' id='word_1_43' title='bbox 475 914 628 990; x_wconf 88' lang='lat' dir='ltr'>praevisos</span> <span class='ocrx_word' id='word_1_44' title='bbox 646 915 677 973; x_wconf 90' lang='lat' dir='ltr'>in</span> <span class='ocrx_word' id='word_1_45' title='bbox 696 933 774 991; x_wconf 90' lang='lat' dir='ltr'>aqua</span> <span class='ocrx_word' id='word_1_46' title='bbox 791 915 879 975; x_wconf 90' lang='lat' dir='ltr'>timet</span> <span class='ocrx_word' id='word_1_47' title='bbox 897 915 997 974; x_wconf 88' lang='lat' dir='ltr'>hostia</span> <span class='ocrx_word' id='word_1_48' title='bbox 1015 914 1128 974; x_wconf 80' lang='lat' dir='ltr'>cultros</span> 
     </span>
     <span class='ocr_line' id='line_1_9' title="bbox 363 1003 973 1080; baseline 0 -18"><span class='ocrx_word' id='word_1_49' title='bbox 363 1003 391 1062; x_wconf 84' lang='lat' dir='ltr'><strong>A</strong></span> <span class='ocrx_word' id='word_1_50' title='bbox 409 1004 524 1080; x_wconf 84' lang='lat' dir='ltr'>peeoris</span> <span class='ocrx_word' id='word_1_51' title='bbox 543 1004 594 1063; x_wconf 79' lang='lat' dir='ltr'>lux</span> <span class='ocrx_word' id='word_1_52' title='bbox 613 1007 659 1063; x_wconf 88' lang='lat' dir='ltr'>est</span> <span class='ocrx_word' id='word_1_53' title='bbox 676 1005 742 1080; x_wconf 88' lang='lat' dir='ltr'>ipsa</span> <span class='ocrx_word' id='word_1_54' title='bbox 760 1005 865 1064; x_wconf 88' lang='lat' dir='ltr'>notata</span> <span class='ocrx_word' id='word_1_55' title='bbox 883 1007 973 1063; x_wconf 88' lang='lat' dir='ltr'>metu.</span> 
     </span>
    </p>

    <p class='ocr_par' dir='ltr' id='par_1_6' title="bbox 320 1093 1009 1244">
     <span class='ocr_line' id='line_1_10' title="bbox 320 1093 969 1169; baseline 0 -17"><span class='ocrx_word' id='word_1_56' title='bbox 320 1093 378 1152; x_wconf 82' lang='lat' dir='ltr'>Fas</span> <span class='ocrx_word' id='word_1_57' title='bbox 398 1094 497 1168; x_wconf 89' lang='lat' dir='ltr'>etiam,</span> <span class='ocrx_word' id='word_1_58' title='bbox 515 1093 581 1154; x_wconf 88' lang='lat' dir='ltr'>fieri</span> <span class='ocrx_word' id='word_1_59' title='bbox 600 1094 697 1154; x_wconf 89' lang='lat' dir='ltr'>solitis</span> <span class='ocrx_word' id='word_1_60' title='bbox 717 1096 817 1154; x_wconf 88' lang='lat' dir='ltr'>aetate</span> <span class='ocrx_word' id='word_1_61' title='bbox 835 1094 969 1169; x_wconf 91' lang='lat' dir='ltr'>priorum</span> 
     </span>
     <span class='ocr_line' id='line_1_11' title="bbox 363 1181 1009 1244; baseline 0 -3"><span class='ocrx_word' id='word_1_62' title='bbox 363 1182 493 1242; x_wconf 85' lang='lat' dir='ltr'>Nomina</span> <span class='ocrx_word' id='word_1_63' title='bbox 510 1183 546 1242; x_wconf 86' lang='lat' dir='ltr'>de</span> <span class='ocrx_word' id='word_1_64' title='bbox 565 1183 644 1242; x_wconf 89' lang='lat' dir='ltr'>ludis</span> <span class='ocrx_word' id='word_1_65' title='bbox 664 1181 779 1243; x_wconf 78' lang='lat' dir='ltr'>Graeca</span> <span class='ocrx_word' id='word_1_66' title='bbox 797 1183 903 1244; x_wconf 89' lang='lat' dir='ltr'>tulisse</span> <span class='ocrx_word' id='word_1_67' title='bbox 922 1183 1009 1242; x_wconf 92' lang='lat' dir='ltr'>diem.</span> 
     </span>
    </p>

    <p class='ocr_par' dir='ltr' id='par_1_7' title="bbox 319 1271 1118 1438">
     <span class='ocr_line' id='line_1_12' title="bbox 319 1271 1118 1349; baseline 0 -19"><span class='ocrx_word' id='word_1_68' title='bbox 319 1272 393 1332; x_wconf 87' lang='lat' dir='ltr'>Pars</span> <span class='ocrx_word' id='word_1_69' title='bbox 412 1274 501 1347; x_wconf 89' lang='lat' dir='ltr'>putat</span> <span class='ocrx_word' id='word_1_70' title='bbox 518 1272 574 1332; x_wconf 91' lang='lat' dir='ltr'>hoo</span> <span class='ocrx_word' id='word_1_71' title='bbox 592 1272 704 1331; x_wconf 89' lang='lat' dir='ltr'>festum</span> <span class='ocrx_word' id='word_1_72' title='bbox 721 1272 828 1349; x_wconf 85' lang='lat' dir='ltr'>prisois</span> <span class='ocrx_word' id='word_1_73' title='bbox 847 1271 978 1348; x_wconf 81' lang='lat' dir='ltr'>Agnalia</span> <span class='ocrx_word' id='word_1_74' title='bbox 996 1272 1118 1348; x_wconf 88' lang='lat' dir='ltr'>dietum,</span> 
     </span>
     <span class='ocr_line' id='line_1_13' title="bbox 365 1359 1035 1438; baseline 0.001 -20"><span class='ocrx_word' id='word_1_75' title='bbox 365 1359 433 1419; x_wconf 89' lang='lat' dir='ltr'>Una</span> <span class='ocrx_word' id='word_1_76' title='bbox 452 1361 491 1419; x_wconf 86' lang='lat' dir='ltr'>sit</span> <span class='ocrx_word' id='word_1_77' title='bbox 508 1365 544 1419; x_wconf 91' lang='lat' dir='ltr'>ut</span> <span class='ocrx_word' id='word_1_78' title='bbox 562 1363 682 1438; x_wconf 89' lang='lat' dir='ltr'>proprio</span> <span class='ocrx_word' id='word_1_79' title='bbox 702 1362 805 1421; x_wconf 86' lang='lat' dir='ltr'>littera</span> <span class='ocrx_word' id='word_1_80' title='bbox 823 1362 943 1437; x_wconf 90' lang='lat' dir='ltr'>dempta</span> <span class='ocrx_word' id='word_1_81' title='bbox 961 1363 1035 1421; x_wconf 87' lang='lat' dir='ltr'>loeo.</span> 
     </span>
    </p>

    <p class='ocr_par' dir='ltr' id='par_1_8' title="bbox 320 1443 1098 1615">
     <span class='ocr_line' id='line_1_14' title="bbox 320 1443 1098 1527; baseline 0.003 -20"><span class='ocrx_word' id='word_1_82' title='bbox 320 1449 399 1508; x_wconf 89' lang='lat' dir='ltr'>Nam</span> <span class='ocrx_word' id='word_1_83' title='bbox 418 1443 532 1525; x_wconf 73' lang='lat' dir='ltr'>‘ponus&#39;</span> <span class='ocrx_word' id='word_1_84' title='bbox 550 1450 693 1526; x_wconf 83' lang='lat' dir='ltr'>antiquus</span> <span class='ocrx_word' id='word_1_85' title='bbox 713 1450 830 1510; x_wconf 89' lang='lat' dir='ltr'>dioebat</span> <span class='ocrx_word' id='word_1_86' title='bbox 849 1443 981 1527; x_wconf 76' lang='lat' dir='ltr'>‘agonia&#39;</span> <span class='ocrx_word' id='word_1_87' title='bbox 1001 1468 1098 1509; x_wconf 90' lang='lat' dir='ltr'>sermo</span> 
     </span>
     <span class='ocr_line' id='line_1_15' title="bbox 363 1531 1032 1615; baseline 0.004 -20"><span class='ocrx_word' id='word_1_88' title='bbox 363 1537 503 1615; x_wconf 88' lang='lat' dir='ltr'>Veraque</span> <span class='ocrx_word' id='word_1_89' title='bbox 521 1537 630 1599; x_wconf 89' lang='lat' dir='ltr'>iudioio</span> <span class='ocrx_word' id='word_1_90' title='bbox 649 1542 696 1599; x_wconf 86' lang='lat' dir='ltr'>est</span> <span class='ocrx_word' id='word_1_91' title='bbox 714 1541 820 1599; x_wconf 90' lang='lat' dir='ltr'>ultima</span> <span class='ocrx_word' id='word_1_92' title='bbox 838 1559 928 1599; x_wconf 89' lang='lat' dir='ltr'>eausa</span> <span class='ocrx_word' id='word_1_93' title='bbox 946 1531 1032 1599; x_wconf 89' lang='lat' dir='ltr'>meo.&#39;</span> 
     </span>
    </p>

    <p class='ocr_par' dir='ltr' id='par_1_9' title="bbox 186 1627 1358 2330">
     <span class='ocr_line' id='line_1_16' title="bbox 276 1627 1355 1708; baseline 0 -21"><span class='ocrx_word' id='word_1_94' title='bbox 276 1628 464 1688; x_wconf 87' lang='lat' dir='ltr'>Postremam</span> <span class='ocrx_word' id='word_1_95' title='bbox 478 1628 631 1707; x_wconf 78' lang='lat' dir='ltr'>ipsiusque</span> <span class='ocrx_word' id='word_1_96' title='bbox 642 1627 742 1690; x_wconf 84' lang='lat' dir='ltr'>Ovidii</span> <span class='ocrx_word' id='word_1_97' title='bbox 756 1629 985 1708; x_wconf 68' lang='lat' dir='ltr'>originationem</span> <span class='ocrx_word' id='word_1_98' title='bbox 1000 1629 1086 1689; x_wconf 86' lang='lat' dir='ltr'>effert</span> <span class='ocrx_word' id='word_1_99' title='bbox 1098 1628 1177 1688; x_wconf 88' lang='lat' dir='ltr'>inter</span> <span class='ocrx_word' id='word_1_100' title='bbox 1191 1628 1251 1688; x_wconf 88' lang='lat' dir='ltr'>alia</span> <span class='ocrx_word' id='word_1_101' title='bbox 1266 1629 1355 1696; x_wconf 86' lang='lat' dir='ltr'>etiam</span> 
     </span>
     <span class='ocr_line' id='line_1_17' title="bbox 188 1709 1355 1798; baseline 0 -21"><span class='ocrx_word' id='word_1_102' title='bbox 188 1719 296 1777; x_wconf 87' lang='lat' dir='ltr'>Festus</span> <span class='ocrx_word' id='word_1_103' title='bbox 314 1738 343 1794; x_wconf 88' lang='lat' dir='ltr'>p.</span> <span class='ocrx_word' id='word_1_104' title='bbox 359 1721 377 1777; x_wconf 82' lang='lat'>7</span> <span class='ocrx_word' id='word_1_105' title='bbox 394 1709 480 1798; x_wconf 85' lang='lat'>(10):</span> <span class='ocrx_word' id='word_1_106' title='bbox 505 1711 657 1793; x_wconf 76' lang='lat' dir='ltr'>‘agoniam</span> <span class='ocrx_word' id='word_1_107' title='bbox 676 1719 738 1778; x_wconf 87' lang='lat' dir='ltr'>dies</span> <span class='ocrx_word' id='word_1_108' title='bbox 758 1719 981 1795; x_wconf 78' lang='lat' dir='ltr'>appellabatur,</span> <span class='ocrx_word' id='word_1_109' title='bbox 1006 1736 1064 1796; x_wconf 94' lang='lat' dir='ltr'>quo</span> <span class='ocrx_word' id='word_1_110' title='bbox 1082 1737 1135 1777; x_wconf 83' lang='lat' dir='ltr'>rex</span> <span class='ocrx_word' id='word_1_111' title='bbox 1153 1718 1282 1778; x_wconf 78' lang='lat' dir='ltr'>hostiam</span> <span class='ocrx_word' id='word_1_112' title='bbox 1300 1719 1355 1777; x_wconf 91' lang='lat' dir='ltr'>im-</span> 
     </span>
     <span class='ocr_line' id='line_1_18' title="bbox 187 1806 1356 1884; baseline 0 -19"><span class='ocrx_word' id='word_1_113' title='bbox 187 1807 333 1883; x_wconf 89' lang='lat' dir='ltr'>molabat,</span> <span class='ocrx_word' id='word_1_114' title='bbox 356 1806 486 1870; x_wconf 82' lang='lat' dir='ltr'>hostiam</span> <span class='ocrx_word' id='word_1_115' title='bbox 511 1807 589 1866; x_wconf 88' lang='lat' dir='ltr'>enim</span> <span class='ocrx_word' id='word_1_116' title='bbox 610 1809 725 1882; x_wconf 79' lang='lat' dir='ltr'>antiqui</span> <span class='ocrx_word' id='word_1_117' title='bbox 744 1809 883 1884; x_wconf 80' lang='lat' dir='ltr'>agoniam</span> <span class='ocrx_word' id='word_1_118' title='bbox 902 1809 1057 1869; x_wconf 77' lang='lat' dir='ltr'>vorabant.</span> <span class='ocrx_word' id='word_1_119' title='bbox 1093 1807 1246 1882; x_wconf 84' lang='lat' dir='ltr'>Agonium</span> <span class='ocrx_word' id='word_1_120' title='bbox 1265 1808 1356 1866; x_wconf 90' lang='lat' dir='ltr'>etiam</span> 
     </span>
     <span class='ocr_line' id='line_1_19' title="bbox 186 1895 1357 1972; baseline 0.002 -19"><span class='ocrx_word' id='word_1_121' title='bbox 186 1897 333 1971; x_wconf 88' lang='lat' dir='ltr'>putabant</span> <span class='ocrx_word' id='word_1_122' title='bbox 352 1896 442 1954; x_wconf 91' lang='lat' dir='ltr'>deum</span> <span class='ocrx_word' id='word_1_123' title='bbox 461 1895 519 1955; x_wconf 88' lang='lat' dir='ltr'>diei</span> <span class='ocrx_word' id='word_1_124' title='bbox 537 1896 758 1971; x_wconf 76' lang='lat' dir='ltr'>praesidentem</span> <span class='ocrx_word' id='word_1_125' title='bbox 776 1897 866 1956; x_wconf 90' lang='lat' dir='ltr'>rebus</span> <span class='ocrx_word' id='word_1_126' title='bbox 886 1897 1023 1972; x_wconf 82' lang='lat' dir='ltr'>agendis3</span> <span class='ocrx_word' id='word_1_127' title='bbox 1042 1896 1181 1971; x_wconf 84' lang='lat' dir='ltr'>agonalia</span> <span class='ocrx_word' id='word_1_128' title='bbox 1195 1896 1258 1956; x_wconf 89' lang='lat' dir='ltr'>eius</span> <span class='ocrx_word' id='word_1_129' title='bbox 1272 1896 1357 1955; x_wconf 86' lang='lat' dir='ltr'>festi-</span> 
     </span>
     <span class='ocr_line' id='line_1_20' title="bbox 186 1983 1357 2064; baseline 0.001 -20"><span class='ocrx_word' id='word_1_130' title='bbox 186 1985 319 2044; x_wconf 83' lang='lat' dir='ltr'>vitatem.</span> <span class='ocrx_word' id='word_1_131' title='bbox 359 1983 428 2045; x_wconf 81' lang='lat' dir='ltr'>Sive</span> <span class='ocrx_word' id='word_1_132' title='bbox 451 1985 523 2062; x_wconf 90' lang='lat' dir='ltr'>quia</span> <span class='ocrx_word' id='word_1_133' title='bbox 546 2004 658 2062; x_wconf 83' lang='lat' dir='ltr'>agonos</span> <span class='ocrx_word' id='word_1_134' title='bbox 678 1985 817 2045; x_wconf 81' lang='lat' dir='ltr'>dicebant</span> <span class='ocrx_word' id='word_1_135' title='bbox 835 1989 964 2064; x_wconf 89' lang='lat' dir='ltr'>montes,</span> <span class='ocrx_word' id='word_1_136' title='bbox 990 1985 1098 2060; x_wconf 87' lang='lat' dir='ltr'>agonia</span> <span class='ocrx_word' id='word_1_137' title='bbox 1117 1985 1262 2044; x_wconf 78' lang='lat' dir='ltr'>sacrificia</span> <span class='ocrx_word' id='word_1_138' title='bbox 1280 2003 1357 2061; x_wconf 90' lang='lat' dir='ltr'>quae</span> 
     </span>
     <span class='ocr_line' id='line_1_21' title="bbox 187 2073 1357 2150; baseline 0.003 -20"><span class='ocrx_word' id='word_1_139' title='bbox 187 2074 301 2133; x_wconf 89' lang='lat' dir='ltr'>fiebant</span> <span class='ocrx_word' id='word_1_140' title='bbox 324 2073 355 2131; x_wconf 90' lang='lat' dir='ltr'>in</span> <span class='ocrx_word' id='word_1_141' title='bbox 378 2077 492 2148; x_wconf 87' lang='lat' dir='ltr'>monte;</span> <span class='ocrx_word' id='word_1_142' title='bbox 515 2074 584 2133; x_wconf 86' lang='lat' dir='ltr'>hino</span> <span class='ocrx_word' id='word_1_143' title='bbox 607 2075 719 2134; x_wconf 82' lang='lat' dir='ltr'>Romae</span> <span class='ocrx_word' id='word_1_144' title='bbox 743 2094 827 2134; x_wconf 89' lang='lat' dir='ltr'>mons</span> <span class='ocrx_word' id='word_1_145' title='bbox 852 2075 1013 2144; x_wconf 77' lang='lat' dir='ltr'>Quirinalis</span> <span class='ocrx_word' id='word_1_146' title='bbox 1038 2075 1162 2150; x_wconf 87' lang='lat' dir='ltr'>Agonus</span> <span class='ocrx_word' id='word_1_147' title='bbox 1187 2076 1217 2132; x_wconf 91' lang='lat' dir='ltr'>et</span> <span class='ocrx_word' id='word_1_148' title='bbox 1241 2073 1357 2134; x_wconf 80' lang='lat' dir='ltr'>Collina</span> 
     </span>
     <span class='ocr_line' id='line_1_22' title="bbox 187 2155 1357 2244; baseline 0.001 -22"><span class='ocrx_word' id='word_1_149' title='bbox 187 2166 277 2239; x_wconf 86' lang='lat' dir='ltr'>porta</span> <span class='ocrx_word' id='word_1_150' title='bbox 295 2155 487 2238; x_wconf 78' lang='lat' dir='ltr'>Agonensis&#39;,</span> <span class='ocrx_word' id='word_1_151' title='bbox 506 2163 541 2222; x_wconf 87' lang='lat' dir='ltr'>af.</span> <span class='ocrx_word' id='word_1_152' title='bbox 561 2163 631 2222; x_wconf 88' lang='lat' dir='ltr'>ibid.</span> <span class='ocrx_word' id='word_1_153' title='bbox 651 2185 678 2238; x_wconf 89' lang='lat' dir='ltr'>p.</span> <span class='ocrx_word' id='word_1_154' title='bbox 695 2166 758 2223; x_wconf 88' lang='lat'>338</span> <span class='ocrx_word' id='word_1_155' title='bbox 774 2156 881 2244; x_wconf 80' lang='grc'>(254);</span> <span class='ocrx_word' id='word_1_156' title='bbox 902 2159 1076 2233; x_wconf 74' lang='lat' dir='ltr'>‘Quirinalis</span> <span class='ocrx_word' id='word_1_157' title='bbox 1096 2163 1189 2238; x_wconf 86' lang='lat' dir='ltr'>oollis,</span> <span class='ocrx_word' id='word_1_158' title='bbox 1209 2163 1261 2239; x_wconf 88' lang='lat' dir='ltr'>qui</span> <span class='ocrx_word' id='word_1_159' title='bbox 1279 2183 1357 2223; x_wconf 90' lang='lat' dir='ltr'>nune</span> 
     </span>
     <span class='ocr_line' id='line_1_23' title="bbox 187 2247 1358 2330; baseline 0.003 -20"><span class='ocrx_word' id='word_1_160' title='bbox 187 2252 304 2330; x_wconf 87' lang='lat' dir='ltr'>dieitur,</span> <span class='ocrx_word' id='word_1_161' title='bbox 324 2251 395 2311; x_wconf 92' lang='lat' dir='ltr'>olim</span> <span class='ocrx_word' id='word_1_162' title='bbox 406 2251 530 2330; x_wconf 81' lang='lat' dir='ltr'>Agonus</span> <span class='ocrx_word' id='word_1_163' title='bbox 544 2247 776 2330; x_wconf 85' lang='lat' dir='ltr'>appellabatur&#39;;</span> <span class='ocrx_word' id='word_1_164' title='bbox 796 2256 831 2313; x_wconf 83' lang='lat' dir='ltr'>of.</span> <span class='ocrx_word' id='word_1_165' title='bbox 847 2254 937 2312; x_wconf 86' lang='lat' dir='ltr'>etiam</span> <span class='ocrx_word' id='word_1_166' title='bbox 947 2252 1068 2329; x_wconf 85' lang='lat' dir='ltr'>Lydum</span> <span class='ocrx_word' id='word_1_167' title='bbox 1085 2254 1121 2312; x_wconf 92' lang='lat' dir='ltr'>de</span> <span class='ocrx_word' id='word_1_168' title='bbox 1135 2271 1226 2314; x_wconf 89' lang='lat' dir='ltr'>mens.</span> <span class='ocrx_word' id='word_1_169' title='bbox 1244 2253 1292 2313; x_wconf 92' lang='grc' dir='ltr'>ΙΠ</span> <span class='ocrx_word' id='word_1_170' title='bbox 1303 2255 1358 2313; x_wconf 76' lang='lat'>25:</span> 
     </span>
    </p>
   </div>
   <div class='ocr_carea' id='block_1_3' title="bbox 187 2335 1490 2419">
    <p class='ocr_par' dir='ltr' id='par_1_10' title="bbox 187 2335 1490 2419">
     <span class='ocr_line' id='line_1_24' title="bbox 187 2335 1490 2419; baseline 0.001 -19"><span class='ocrx_word' id='word_1_171' title='bbox 187 2335 251 2400; x_wconf 74' lang='lat' dir='ltr'>‘aa</span> <span class='ocrx_word' id='word_1_172' title='bbox 264 2338 302 2400; x_wconf 89' lang='grc' dir='ltr'>τὸ</span> <span class='ocrx_word' id='word_1_173' title='bbox 317 2338 504 2415; x_wconf 70' lang='grc' dir='ltr'>κυκλοτερές</span> <span class='ocrx_word' id='word_1_174' title='bbox 519 2339 606 2416; x_wconf 88' lang='grc' dir='ltr'>παρὰ</span> <span class='ocrx_word' id='word_1_175' title='bbox 620 2337 658 2401; x_wconf 87' lang='grc' dir='ltr'>τὸ</span> <span class='ocrx_word' id='word_1_176' title='bbox 668 2339 709 2418; x_wconf 83' lang='grc' dir='ltr'>μὴ</span> <span class='ocrx_word' id='word_1_177' title='bbox 720 2337 806 2416; x_wconf 82' lang='grc' dir='ltr'>ἔχειν</span> <span class='ocrx_word' id='word_1_178' title='bbox 815 2336 958 2414; x_wconf 85' lang='grc' dir='ltr'><strong>γωνίαν’.</strong></span> <span class='ocrx_word' id='word_1_179' title='bbox 981 2343 1099 2401; x_wconf 89' lang='lat' dir='ltr'>Harum</span> <span class='ocrx_word' id='word_1_180' title='bbox 1107 2343 1358 2419; x_wconf 85' lang='lat' dir='ltr'>etymologiarum</span> <span class='ocrx_word' id='word_1_181' title='bbox 1373 2405 1374 2409; x_wconf 52' lang='lat'>,</span> <span class='ocrx_word' id='word_1_182' title='bbox 1488 2355 1490 2360; x_wconf 79' lang='grc'>’</span> 
     </span>
    </p>
   </div>
   <div class='ocr_carea' id='block_1_4' title="bbox 185 2431 1359 3044">
    <p class='ocr_par' dir='ltr' id='par_1_11' title="bbox 185 2431 1359 3044">
     <span class='ocr_line' id='line_1_25' title="bbox 186 2431 1359 2510; baseline 0.002 -22"><span class='ocrx_word' id='word_1_183' title='bbox 186 2431 329 2490; x_wconf 86' lang='lat' dir='ltr'>maiorem</span> <span class='ocrx_word' id='word_1_184' title='bbox 351 2433 469 2506; x_wconf 89' lang='lat' dir='ltr'>partem</span> <span class='ocrx_word' id='word_1_185' title='bbox 491 2450 591 2490; x_wconf 86' lang='lat' dir='ltr'>meras</span> <span class='ocrx_word' id='word_1_186' title='bbox 615 2451 711 2510; x_wconf 84' lang='lat' dir='ltr'>nugas</span> <span class='ocrx_word' id='word_1_187' title='bbox 736 2450 801 2492; x_wconf 87' lang='lat' dir='ltr'>esse</span> <span class='ocrx_word' id='word_1_188' title='bbox 825 2432 936 2509; x_wconf 82' lang='lat' dir='ltr'>elucet,</span> <span class='ocrx_word' id='word_1_189' title='bbox 959 2432 1044 2492; x_wconf 90' lang='lat' dir='ltr'>nobis</span> <span class='ocrx_word' id='word_1_190' title='bbox 1069 2450 1139 2490; x_wconf 89' lang='lat' dir='ltr'>sane</span> <span class='ocrx_word' id='word_1_191' title='bbox 1163 2450 1239 2508; x_wconf 91' lang='lat' dir='ltr'>opus</span> <span class='ocrx_word' id='word_1_192' title='bbox 1259 2433 1359 2491; x_wconf 88' lang='lat' dir='ltr'>estut</span> 
     </span>
     <span class='ocr_line' id='line_1_26' title="bbox 185 2518 1359 2596; baseline 0.003 -19"><span class='ocrx_word' id='word_1_193' title='bbox 185 2518 390 2596; x_wconf 83' lang='lat' dir='ltr'>Agonensium</span> <span class='ocrx_word' id='word_1_194' title='bbox 414 2539 522 2579; x_wconf 91' lang='lat' dir='ltr'>nomen</span> <span class='ocrx_word' id='word_1_195' title='bbox 545 2539 613 2578; x_wconf 88' lang='lat' dir='ltr'>oum</span> <span class='ocrx_word' id='word_1_196' title='bbox 636 2522 742 2580; x_wconf 88' lang='lat' dir='ltr'>oeteris</span> <span class='ocrx_word' id='word_1_197' title='bbox 766 2521 890 2582; x_wconf 80' lang='lat' dir='ltr'>vocibus</span> <span class='ocrx_word' id='word_1_198' title='bbox 911 2520 1059 2580; x_wconf 82' lang='lat' dir='ltr'>similibus</span> <span class='ocrx_word' id='word_1_199' title='bbox 1080 2521 1153 2579; x_wconf 87' lang='lat' dir='ltr'>duee</span> <span class='ocrx_word' id='word_1_200' title='bbox 1171 2521 1263 2580; x_wconf 82' lang='lat' dir='ltr'>Festo</span> <span class='ocrx_word' id='word_1_201' title='bbox 1282 2539 1359 2580; x_wconf 87' lang='lat' dir='ltr'>oom-</span> 
     </span>
     <span class='ocr_line' id='line_1_27' title="bbox 185 2609 1357 2687; baseline 0.003 -21"><span class='ocrx_word' id='word_1_202' title='bbox 185 2625 333 2683; x_wconf 85' lang='lat' dir='ltr'>paremus.</span> <span class='ocrx_word' id='word_1_203' title='bbox 374 2609 475 2683; x_wconf 86' lang='lat' dir='ltr'>Atque</span> <span class='ocrx_word' id='word_1_204' title='bbox 499 2609 588 2668; x_wconf 90' lang='lat' dir='ltr'>deum</span> <span class='ocrx_word' id='word_1_205' title='bbox 612 2611 762 2687; x_wconf 81' lang='lat' dir='ltr'>Agonium</span> <span class='ocrx_word' id='word_1_206' title='bbox 786 2630 894 2670; x_wconf 84' lang='lat' dir='ltr'>nomen</span> <span class='ocrx_word' id='word_1_207' title='bbox 918 2610 1123 2686; x_wconf 80' lang='lat' dir='ltr'>originemque</span> <span class='ocrx_word' id='word_1_208' title='bbox 1147 2610 1296 2685; x_wconf 86' lang='lat' dir='ltr'>aooepisse</span> <span class='ocrx_word' id='word_1_209' title='bbox 1320 2611 1357 2670; x_wconf 90' lang='lat' dir='ltr'>ab</span> 
     </span>
     <span class='ocr_line' id='line_1_28' title="bbox 186 2697 1358 2777; baseline 0.003 -22"><span class='ocrx_word' id='word_1_210' title='bbox 186 2697 252 2772; x_wconf 85' lang='lat' dir='ltr'>ipso</span> <span class='ocrx_word' id='word_1_211' title='bbox 276 2697 354 2756; x_wconf 79' lang='lat' dir='ltr'>festo</span> <span class='ocrx_word' id='word_1_212' title='bbox 377 2717 463 2757; x_wconf 92' lang='lat' dir='ltr'>nemo</span> <span class='ocrx_word' id='word_1_213' title='bbox 486 2697 598 2764; x_wconf 87' lang='lat' dir='ltr'>infitias</span> <span class='ocrx_word' id='word_1_214' title='bbox 622 2699 692 2774; x_wconf 91' lang='lat' dir='ltr'>ibit,</span> <span class='ocrx_word' id='word_1_215' title='bbox 714 2718 810 2774; x_wconf 91' lang='lat' dir='ltr'>neque</span> <span class='ocrx_word' id='word_1_216' title='bbox 833 2699 929 2758; x_wconf 79' lang='lat' dir='ltr'>lesbus</span> <span class='ocrx_word' id='word_1_217' title='bbox 953 2699 1064 2776; x_wconf 82' lang='lat' dir='ltr'>Agonii</span> <span class='ocrx_word' id='word_1_218' title='bbox 1088 2698 1151 2759; x_wconf 85' lang='lat' dir='ltr'>sive</span> <span class='ocrx_word' id='word_1_219' title='bbox 1173 2697 1358 2777; x_wconf 85' lang='lat' dir='ltr'>Agoniorum</span> 
     </span>
     <span class='ocr_line' id='line_1_29' title="bbox 187 2785 1358 2864; baseline 0.003 -18"><span class='ocrx_word' id='word_1_220' title='bbox 187 2787 250 2846; x_wconf 87' lang='lat' dir='ltr'>sive</span> <span class='ocrx_word' id='word_1_221' title='bbox 274 2785 456 2862; x_wconf 83' lang='lat' dir='ltr'>Agonalium</span> <span class='ocrx_word' id='word_1_222' title='bbox 480 2787 542 2845; x_wconf 91' lang='lat' dir='ltr'>dies</span> <span class='ocrx_word' id='word_1_223' title='bbox 566 2788 713 2864; x_wconf 84' lang='lat' dir='ltr'>originem</span> <span class='ocrx_word' id='word_1_224' title='bbox 736 2787 781 2847; x_wconf 89' lang='lat' dir='ltr'>his</span> <span class='ocrx_word' id='word_1_225' title='bbox 804 2788 974 2848; x_wconf 89' lang='lat' dir='ltr'>nominibus</span> <span class='ocrx_word' id='word_1_226' title='bbox 998 2789 1104 2848; x_wconf 88' lang='lat' dir='ltr'>feeisse</span> <span class='ocrx_word' id='word_1_227' title='bbox 1126 2789 1277 2864; x_wconf 86' lang='lat' dir='ltr'>putandus</span> <span class='ocrx_word' id='word_1_228' title='bbox 1303 2793 1358 2851; x_wconf 89' lang='lat' dir='ltr'>est.</span> 
     </span>
     <span class='ocr_line' id='line_1_30' title="bbox 186 2875 1358 2955; baseline 0.002 -21"><span class='ocrx_word' id='word_1_229' title='bbox 186 2876 313 2936; x_wconf 75' lang='lat' dir='ltr'>Restant</span> <span class='ocrx_word' id='word_1_230' title='bbox 341 2894 456 2952; x_wconf 81' lang='lat' dir='ltr'>agonas</span> <span class='ocrx_word' id='word_1_231' title='bbox 481 2875 643 2946; x_wconf 81' lang='lat' dir='ltr'>Quirinalis</span> <span class='ocrx_word' id='word_1_232' title='bbox 671 2878 780 2937; x_wconf 90' lang='lat' dir='ltr'>montis</span> <span class='ocrx_word' id='word_1_233' title='bbox 809 2897 915 2938; x_wconf 88' lang='lat' dir='ltr'>nomen</span> <span class='ocrx_word' id='word_1_234' title='bbox 944 2883 975 2938; x_wconf 91' lang='lat' dir='ltr'>et</span> <span class='ocrx_word' id='word_1_235' title='bbox 998 2879 1119 2954; x_wconf 84' lang='lat' dir='ltr'>agonia,</span> <span class='ocrx_word' id='word_1_236' title='bbox 1148 2879 1358 2955; x_wconf 76' lang='lat' dir='ltr'>bostiaevo13</span> 
     </span>
     <span class='ocr_line' id='line_1_31' title="bbox 186 2959 1358 3044; baseline 0.003 -21"><span class='ocrx_word' id='word_1_237' title='bbox 186 2967 251 3025; x_wconf 91' lang='lat' dir='ltr'>iure</span> <span class='ocrx_word' id='word_1_238' title='bbox 275 2970 378 3024; x_wconf 88' lang='lat' dir='ltr'>autem</span> <span class='ocrx_word' id='word_1_239' title='bbox 396 2964 543 3026; x_wconf 83' lang='lat' dir='ltr'>Wissowa</span> <span class='ocrx_word' id='word_1_240' title='bbox 567 2959 729 3043; x_wconf 70' lang='lat' dir='ltr'>‘agoniam&#39;</span> <span class='ocrx_word' id='word_1_241' title='bbox 747 2968 877 3044; x_wconf 89' lang='lat' dir='ltr'>priorem</span> <span class='ocrx_word' id='word_1_242' title='bbox 897 2986 962 3027; x_wconf 89' lang='lat' dir='ltr'>esse</span> <span class='ocrx_word' id='word_1_243' title='bbox 980 2986 1092 3044; x_wconf 88' lang='lat' dir='ltr'>vooem,</span> <span class='ocrx_word' id='word_1_244' title='bbox 1112 2968 1189 3026; x_wconf 92' lang='lat' dir='ltr'>unde</span> <span class='ocrx_word' id='word_1_245' title='bbox 1209 2961 1358 3044; x_wconf 68' lang='lat' dir='ltr'>‘Agonus&#39;</span> 
     </span>
    </p>
   </div>
   <div class='ocr_carea' id='block_1_5' title="bbox 77 3048 1358 3138">
    <p class='ocr_par' dir='ltr' id='par_1_12' title="bbox 77 3048 1358 3138">
     <span class='ocr_line' id='line_1_32' title="bbox 77 3048 1358 3138; baseline 0.002 -26"><span class='ocrx_word' id='word_1_246' title='bbox 77 3057 80 3061; x_wconf 84' lang='lat'>&#39;</span> <span class='ocrx_word' id='word_1_247' title='bbox 187 3074 272 3114; x_wconf 87' lang='lat' dir='ltr'>mons</span> <span class='ocrx_word' id='word_1_248' title='bbox 301 3073 408 3114; x_wconf 91' lang='lat' dir='ltr'>nomen</span> <span class='ocrx_word' id='word_1_249' title='bbox 432 3059 601 3115; x_wconf 84' lang='lat' dir='ltr'>mutuasset</span> <span class='ocrx_word' id='word_1_250' title='bbox 625 3048 682 3136; x_wconf 87' lang='lat'>(=</span> <span class='ocrx_word' id='word_1_251' title='bbox 703 3050 911 3138; x_wconf 77' lang='lat' dir='ltr'>„Opferberp“)</span> <span class='ocrx_word' id='word_1_252' title='bbox 936 3058 1108 3132; x_wconf 86' lang='lat' dir='ltr'>exposuisse</span> <span class='ocrx_word' id='word_1_253' title='bbox 1135 3055 1208 3115; x_wconf 89' lang='lat' dir='ltr'>mibi</span> <span class='ocrx_word' id='word_1_254' title='bbox 1230 3056 1358 3132; x_wconf 84' lang='lat' dir='ltr'>videtur,</span> 
     </span>
    </p>
   </div>
   <div class='ocr_carea' id='block_1_6' title="bbox 186 3139 1360 4202">
    <p class='ocr_par' dir='ltr' id='par_1_13' title="bbox 186 3139 1359 3487">
     <span class='ocr_line' id='line_1_33' title="bbox 187 3139 1357 3222; baseline 0.003 -21"><span class='ocrx_word' id='word_1_255' title='bbox 187 3143 221 3202; x_wconf 88' lang='lat' dir='ltr'>ef.</span> <span class='ocrx_word' id='word_1_256' title='bbox 242 3143 426 3203; x_wconf 89' lang='lat' dir='ltr'>Umbrorum</span> <span class='ocrx_word' id='word_1_257' title='bbox 445 3145 507 3206; x_wconf 90' lang='lat' dir='ltr'>tab.</span> <span class='ocrx_word' id='word_1_258' title='bbox 524 3144 569 3220; x_wconf 84' lang='lat' dir='ltr'>Ig.</span> <span class='ocrx_word' id='word_1_259' title='bbox 583 3145 647 3203; x_wconf 88' lang='lat' dir='ltr'>VB</span> <span class='ocrx_word' id='word_1_260' title='bbox 667 3141 762 3222; x_wconf 71' lang='lat' dir='ltr'>‘posti</span> <span class='ocrx_word' id='word_1_261' title='bbox 781 3139 871 3205; x_wconf 90' lang='lat' dir='ltr'>aenu&#39;</span> <span class='ocrx_word' id='word_1_262' title='bbox 895 3147 914 3204; x_wconf 89' lang='lat' dir='ltr'>i.</span> <span class='ocrx_word' id='word_1_263' title='bbox 934 3163 958 3205; x_wconf 88' lang='lat' dir='ltr'>e.</span> <span class='ocrx_word' id='word_1_264' title='bbox 984 3145 1022 3204; x_wconf 91' lang='lat' dir='ltr'>ad</span> <span class='ocrx_word' id='word_1_265' title='bbox 1041 3144 1191 3205; x_wconf 79' lang='lat' dir='ltr'>sacrificia.</span> <span class='ocrx_word' id='word_1_266' title='bbox 1227 3144 1357 3222; x_wconf 83' lang='lat' dir='ltr'>Agonio-</span> 
     </span>
     <span class='ocr_line' id='line_1_34' title="bbox 186 3227 1358 3311; baseline 0.003 -22"><span class='ocrx_word' id='word_1_267' title='bbox 186 3251 253 3290; x_wconf 89' lang='lat' dir='ltr'>rum</span> <span class='ocrx_word' id='word_1_268' title='bbox 276 3232 370 3310; x_wconf 85' lang='lat' dir='ltr'>igitur</span> <span class='ocrx_word' id='word_1_269' title='bbox 395 3232 457 3292; x_wconf 89' lang='lat' dir='ltr'>dies</span> <span class='ocrx_word' id='word_1_270' title='bbox 481 3234 550 3292; x_wconf 86' lang='lat' dir='ltr'>festi</span> <span class='ocrx_word' id='word_1_271' title='bbox 574 3233 617 3292; x_wconf 89' lang='lat' dir='ltr'>nil</span> <span class='ocrx_word' id='word_1_272' title='bbox 640 3235 699 3294; x_wconf 89' lang='lat' dir='ltr'>nisi</span> <span class='ocrx_word' id='word_1_273' title='bbox 723 3230 797 3294; x_wconf 70' lang='lat' dir='ltr'>‘dies</span> <span class='ocrx_word' id='word_1_274' title='bbox 822 3235 931 3310; x_wconf 88' lang='lat' dir='ltr'>quibus</span> <span class='ocrx_word' id='word_1_275' title='bbox 956 3227 1153 3294; x_wconf 77' lang='lat' dir='ltr'>sacrificatur&#39;</span> <span class='ocrx_word' id='word_1_276' title='bbox 1171 3233 1358 3311; x_wconf 83' lang='lat' dir='ltr'>intelligendi</span> 
     </span>
     <span class='ocr_line' id='line_1_35' title="bbox 187 3320 1359 3399; baseline 0.003 -20"><span class='ocrx_word' id='word_1_277' title='bbox 187 3324 270 3394; x_wconf 85' lang='lat' dir='ltr'>sunt,</span> <span class='ocrx_word' id='word_1_278' title='bbox 295 3320 369 3381; x_wconf 82' lang='lat' dir='ltr'>Salii</span> <span class='ocrx_word' id='word_1_279' title='bbox 392 3325 494 3381; x_wconf 90' lang='lat' dir='ltr'>autem</span> <span class='ocrx_word' id='word_1_280' title='bbox 512 3322 688 3398; x_wconf 80' lang='lat' dir='ltr'>Agonenses</span> <span class='ocrx_word' id='word_1_281' title='bbox 711 3342 820 3383; x_wconf 89' lang='lat' dir='ltr'>nomen</span> <span class='ocrx_word' id='word_1_282' title='bbox 839 3324 876 3383; x_wconf 91' lang='lat' dir='ltr'>ab</span> <span class='ocrx_word' id='word_1_283' title='bbox 895 3327 1010 3399; x_wconf 89' lang='lat' dir='ltr'>monte,</span> <span class='ocrx_word' id='word_1_284' title='bbox 1035 3324 1087 3382; x_wconf 91' lang='lat' dir='ltr'>ubi</span> <span class='ocrx_word' id='word_1_285' title='bbox 1106 3341 1191 3382; x_wconf 89' lang='lat' dir='ltr'>saera</span> <span class='ocrx_word' id='word_1_286' title='bbox 1209 3323 1359 3384; x_wconf 79' lang='lat' dir='ltr'>iaciebant</span> 
     </span>
     <span class='ocr_line' id='line_1_36' title="bbox 186 3411 897 3487; baseline 0 -17"><span class='ocrx_word' id='word_1_287' title='bbox 186 3411 392 3486; x_wconf 88' lang='lat' dir='ltr'>templumque</span> <span class='ocrx_word' id='word_1_288' title='bbox 410 3411 563 3470; x_wconf 89' lang='lat' dir='ltr'>habebant</span> <span class='ocrx_word' id='word_1_289' title='bbox 581 3413 730 3487; x_wconf 82' lang='lat' dir='ltr'>accepisse</span> <span class='ocrx_word' id='word_1_290' title='bbox 750 3413 897 3472; x_wconf 88' lang='lat' dir='ltr'>videntur.</span> 
     </span>
    </p>

    <p class='ocr_par' dir='ltr' id='par_1_14' title="bbox 186 3499 1360 4202">
     <span class='ocr_line' id='line_1_37' title="bbox 275 3499 1358 3582; baseline 0.004 -24"><span class='ocrx_word' id='word_1_291' title='bbox 275 3499 338 3558; x_wconf 90' lang='lat' dir='ltr'>Iam</span> <span class='ocrx_word' id='word_1_292' title='bbox 361 3500 529 3577; x_wconf 88' lang='lat' dir='ltr'>quaeritur,</span> <span class='ocrx_word' id='word_1_293' title='bbox 544 3520 681 3582; x_wconf 39' lang='lat' dir='ltr'>,quonam</span> <span class='ocrx_word' id='word_1_294' title='bbox 700 3502 788 3560; x_wconf 91' lang='lat' dir='ltr'>modo</span> <span class='ocrx_word' id='word_1_295' title='bbox 807 3502 954 3562; x_wconf 89' lang='lat' dir='ltr'>Pallorios</span> <span class='ocrx_word' id='word_1_296' title='bbox 973 3501 1175 3576; x_wconf 88' lang='lat' dir='ltr'>Pavoriosque</span> <span class='ocrx_word' id='word_1_297' title='bbox 1195 3501 1290 3561; x_wconf 80' lang='lat' dir='ltr'>Salios</span> <span class='ocrx_word' id='word_1_298' title='bbox 1310 3523 1358 3562; x_wconf 84' lang='lat' dir='ltr'>ex-</span> 
     </span>
     <span class='ocr_line' id='line_1_38' title="bbox 187 3588 1360 3670; baseline 0.003 -23"><span class='ocrx_word' id='word_1_299' title='bbox 187 3590 341 3666; x_wconf 78' lang='lat' dir='ltr'>plicemus</span> <span class='ocrx_word' id='word_1_300' title='bbox 375 3588 455 3658; x_wconf 80' lang='lat' dir='ltr'>Quos</span> <span class='ocrx_word' id='word_1_301' title='bbox 474 3608 655 3666; x_wconf 90' lang='lat' dir='ltr'>quamquam</span> <span class='ocrx_word' id='word_1_302' title='bbox 675 3611 693 3648; x_wconf 91' lang='lat' dir='ltr'>a</span> <span class='ocrx_word' id='word_1_303' title='bbox 711 3591 798 3649; x_wconf 77' lang='lat' dir='ltr'>Tullo</span> <span class='ocrx_word' id='word_1_304' title='bbox 817 3611 888 3670; x_wconf 86' lang='lat' dir='ltr'>rege</span> <span class='ocrx_word' id='word_1_305' title='bbox 907 3591 1042 3650; x_wconf 81' lang='lat' dir='ltr'>conditos</span> <span class='ocrx_word' id='word_1_306' title='bbox 1062 3609 1127 3650; x_wconf 88' lang='lat' dir='ltr'>esse</span> <span class='ocrx_word' id='word_1_307' title='bbox 1143 3590 1238 3650; x_wconf 88' lang='lat' dir='ltr'>Varro</span> <span class='ocrx_word' id='word_1_308' title='bbox 1257 3593 1360 3668; x_wconf 88' lang='lat' dir='ltr'>tradit,</span> 
     </span>
     <span class='ocr_line' id='line_1_39' title="bbox 188 3673 1359 3757; baseline 0.005 -21"><span class='ocrx_word' id='word_1_309' title='bbox 188 3673 248 3737; x_wconf 89' lang='lat' dir='ltr'>non</span> <span class='ocrx_word' id='word_1_310' title='bbox 267 3678 386 3742; x_wconf 81' lang='lat' dir='ltr'>eosdem</span> <span class='ocrx_word' id='word_1_311' title='bbox 406 3677 618 3754; x_wconf 81' lang='lat' dir='ltr'>intelligendos</span> <span class='ocrx_word' id='word_1_312' title='bbox 637 3697 702 3739; x_wconf 88' lang='lat' dir='ltr'>esse</span> <span class='ocrx_word' id='word_1_313' title='bbox 721 3683 811 3755; x_wconf 89' lang='lat' dir='ltr'>atque</span> <span class='ocrx_word' id='word_1_314' title='bbox 831 3679 960 3740; x_wconf 82' lang='lat' dir='ltr'>Collinos</span> <span class='ocrx_word' id='word_1_315' title='bbox 981 3680 1117 3757; x_wconf 89' lang='lat' dir='ltr'>sequitur</span> <span class='ocrx_word' id='word_1_316' title='bbox 1135 3678 1199 3754; x_wconf 91' lang='lat' dir='ltr'>ipso</span> <span class='ocrx_word' id='word_1_317' title='bbox 1214 3679 1359 3741; x_wconf 87' lang='lat' dir='ltr'>Varronis</span> 
     </span>
     <span class='ocr_line' id='line_1_40' title="bbox 187 3767 1360 3844; baseline 0.004 -20"><span class='ocrx_word' id='word_1_318' title='bbox 187 3770 264 3841; x_wconf 93' lang='lat' dir='ltr'>looo,</span> <span class='ocrx_word' id='word_1_319' title='bbox 285 3787 343 3844; x_wconf 91' lang='lat' dir='ltr'>quo</span> <span class='ocrx_word' id='word_1_320' title='bbox 362 3771 523 3843; x_wconf 88' lang='lat' dir='ltr'>utrumque</span> <span class='ocrx_word' id='word_1_321' title='bbox 543 3767 741 3827; x_wconf 82' lang='lat' dir='ltr'>sacerdotium</span> <span class='ocrx_word' id='word_1_322' title='bbox 761 3769 818 3829; x_wconf 91' lang='lat' dir='ltr'>sibi</span> <span class='ocrx_word' id='word_1_323' title='bbox 837 3769 1008 3844; x_wconf 84' lang='lat' dir='ltr'>opponitur;</span> <span class='ocrx_word' id='word_1_324' title='bbox 1031 3787 1126 3844; x_wconf 89' lang='lat' dir='ltr'>neque</span> <span class='ocrx_word' id='word_1_325' title='bbox 1145 3787 1216 3828; x_wconf 86' lang='lat' dir='ltr'>vero</span> <span class='ocrx_word' id='word_1_326' title='bbox 1235 3771 1360 3830; x_wconf 88' lang='lat' dir='ltr'>tertium</span> 
     </span>
     <span class='ocr_line' id='line_1_41' title="bbox 188 3855 1359 3934; baseline 0.003 -20"><span class='ocrx_word' id='word_1_327' title='bbox 188 3855 336 3916; x_wconf 81' lang='lat' dir='ltr'>Saliorum</span> <span class='ocrx_word' id='word_1_328' title='bbox 365 3875 460 3934; x_wconf 86' lang='lat' dir='ltr'>genus</span> <span class='ocrx_word' id='word_1_329' title='bbox 486 3857 516 3914; x_wconf 91' lang='lat' dir='ltr'>id</span> <span class='ocrx_word' id='word_1_330' title='bbox 540 3857 632 3916; x_wconf 86' lang='lat' dir='ltr'>fuisse</span> <span class='ocrx_word' id='word_1_331' title='bbox 656 3860 813 3916; x_wconf 87' lang='lat' dir='ltr'>autumare</span> <span class='ocrx_word' id='word_1_332' title='bbox 837 3858 920 3934; x_wconf 91' lang='lat' dir='ltr'>lieet,</span> <span class='ocrx_word' id='word_1_333' title='bbox 944 3858 1084 3933; x_wconf 89' lang='lat' dir='ltr'>quoniam</span> <span class='ocrx_word' id='word_1_334' title='bbox 1103 3858 1205 3917; x_wconf 89' lang='lat' dir='ltr'>eodem</span> <span class='ocrx_word' id='word_1_335' title='bbox 1224 3859 1275 3917; x_wconf 93' lang='lat' dir='ltr'>illo</span> <span class='ocrx_word' id='word_1_336' title='bbox 1294 3861 1359 3919; x_wconf 91' lang='lat' dir='ltr'>looo</span> 
     </span>
     <span class='ocr_line' id='line_1_42' title="bbox 187 3939 1360 4028; baseline 0.003 -26"><span class='ocrx_word' id='word_1_337' title='bbox 187 3945 284 4003; x_wconf 88' lang='lat' dir='ltr'>Varro</span> <span class='ocrx_word' id='word_1_338' title='bbox 308 3939 410 4006; x_wconf 75' lang='lat' dir='ltr'>‘duo&#39;</span> <span class='ocrx_word' id='word_1_339' title='bbox 431 3946 474 4005; x_wconf 91' lang='lat' dir='ltr'>ait</span> <span class='ocrx_word' id='word_1_340' title='bbox 494 3939 578 4005; x_wconf 79' lang='lat' dir='ltr'>‘sunt</span> <span class='ocrx_word' id='word_1_341' title='bbox 599 3963 711 4022; x_wconf 83' lang='lat' dir='ltr'>genera</span> <span class='ocrx_word' id='word_1_342' title='bbox 730 3940 889 4006; x_wconf 87' lang='lat' dir='ltr'>Saliorum’</span> <span class='ocrx_word' id='word_1_343' title='bbox 898 3947 1060 4028; x_wconf 27' lang='lat' dir='ltr'>,huiusque</span> <span class='ocrx_word' id='word_1_344' title='bbox 1081 3946 1126 4006; x_wconf 91' lang='lat' dir='ltr'>rei</span> <span class='ocrx_word' id='word_1_345' title='bbox 1144 3949 1253 4006; x_wconf 88' lang='lat' dir='ltr'>testem</span> <span class='ocrx_word' id='word_1_346' title='bbox 1272 3948 1360 4006; x_wconf 87' lang='lat' dir='ltr'>affert</span> 
     </span>
     <span class='ocr_line' id='line_1_43' title="bbox 186 4033 1359 4112; baseline 0.004 -20"><span class='ocrx_word' id='word_1_347' title='bbox 186 4034 253 4110; x_wconf 90' lang='lat' dir='ltr'>ipsa</span> <span class='ocrx_word' id='word_1_348' title='bbox 272 4033 421 4093; x_wconf 85' lang='lat' dir='ltr'>Saliorum</span> <span class='ocrx_word' id='word_1_349' title='bbox 446 4034 590 4112; x_wconf 78' lang='lat' dir='ltr'>earmina3</span> <span class='ocrx_word' id='word_1_350' title='bbox 613 4038 704 4112; x_wconf 88' lang='lat' dir='ltr'>atque</span> <span class='ocrx_word' id='word_1_351' title='bbox 722 4035 903 4112; x_wconf 79' lang='lat' dir='ltr'>percipimus</span> <span class='ocrx_word' id='word_1_352' title='bbox 923 4036 1096 4096; x_wconf 89' lang='lat' dir='ltr'>memoriam</span> <span class='ocrx_word' id='word_1_353' title='bbox 1114 4035 1244 4095; x_wconf 86' lang='lat' dir='ltr'>Varroni</span> <span class='ocrx_word' id='word_1_354' title='bbox 1261 4035 1359 4097; x_wconf 83' lang='lat' dir='ltr'>Livio-</span> 
     </span>
     <span class='ocr_line' id='line_1_44' title="bbox 186 4123 1358 4202; baseline 0.003 -21"><span class='ocrx_word' id='word_1_355' title='bbox 186 4143 244 4199; x_wconf 91' lang='lat' dir='ltr'>que</span> <span class='ocrx_word' id='word_1_356' title='bbox 273 4123 396 4182; x_wconf 83' lang='lat' dir='ltr'>subesse</span> <span class='ocrx_word' id='word_1_357' title='bbox 425 4142 443 4182; x_wconf 91' lang='lat' dir='ltr'>a</span> <span class='ocrx_word' id='word_1_358' title='bbox 469 4127 636 4184; x_wconf 81' lang='lat' dir='ltr'>ceterorum</span> <span class='ocrx_word' id='word_1_359' title='bbox 659 4125 923 4201; x_wconf 81' lang='lat' dir='ltr'>grammaticorum</span> <span class='ocrx_word' id='word_1_360' title='bbox 947 4125 1247 4185; x_wconf 82' lang='lat' dir='ltr'>commentationibus</span> <span class='ocrx_word' id='word_1_361' title='bbox 1270 4127 1358 4202; x_wconf 91' lang='lat' dir='ltr'>plane</span> 
     </span>
    </p>
   </div>
   <div class='ocr_carea' id='block_1_7' title="bbox 64 4213 1359 4290">
    <p class='ocr_par' dir='ltr' id='par_1_15' title="bbox 64 4213 1359 4290">
     <span class='ocr_line' id='line_1_45' title="bbox 64 4213 1359 4290; baseline 0.004 -20"><span class='ocrx_word' id='word_1_362' title='bbox 64 4224 70 4280; x_wconf 68' lang='lat' dir='ltr'>t</span> <span class='ocrx_word' id='word_1_363' title='bbox 187 4214 315 4271; x_wconf 90' lang='lat' dir='ltr'>alienam</span> <span class='ocrx_word' id='word_1_364' title='bbox 334 4213 533 4288; x_wconf 89' lang='lat' dir='ltr'>haustamque</span> <span class='ocrx_word' id='word_1_365' title='bbox 553 4232 589 4272; x_wconf 84' lang='lat' dir='ltr'>ex</span> <span class='ocrx_word' id='word_1_366' title='bbox 606 4214 680 4290; x_wconf 92' lang='lat' dir='ltr'>ipsis</span> <span class='ocrx_word' id='word_1_367' title='bbox 701 4214 889 4274; x_wconf 84' lang='lat' dir='ltr'>sacerdotum</span> <span class='ocrx_word' id='word_1_368' title='bbox 907 4215 992 4273; x_wconf 91' lang='lat' dir='ltr'>libris</span> <span class='ocrx_word' id='word_1_369' title='bbox 1011 4215 1161 4274; x_wconf 85' lang='lat' dir='ltr'>fabulisve</span> <span class='ocrx_word' id='word_1_370' title='bbox 1175 4215 1293 4273; x_wconf 66' lang='lat' dir='ltr'>sarria</span> <span class='ocrx_word' id='word_1_371' title='bbox 1311 4215 1359 4275; x_wconf 82' lang='lat' dir='ltr'>Sia</span> 
     </span>
    </p>
   </div>
   <div class='ocr_carea' id='block_1_8' title="bbox 184 4301 1358 4472">
    <p class='ocr_par' dir='ltr' id='par_1_16' title="bbox 184 4301 1358 4472">
     <span class='ocr_line' id='line_1_46' title="bbox 185 4301 1358 4381; baseline 0.003 -21"><span class='ocrx_word' id='word_1_372' title='bbox 185 4302 281 4378; x_wconf 85' lang='lat' dir='ltr'>igitur</span> <span class='ocrx_word' id='word_1_373' title='bbox 299 4301 534 4361; x_wconf 76' lang='lat' dir='ltr'>concludendum</span> <span class='ocrx_word' id='word_1_374' title='bbox 554 4305 613 4378; x_wconf 87' lang='lat' dir='ltr'>est,</span> <span class='ocrx_word' id='word_1_375' title='bbox 637 4304 690 4362; x_wconf 90' lang='lat' dir='ltr'>hos</span> <span class='ocrx_word' id='word_1_376' title='bbox 711 4303 820 4381; x_wconf 85' lang='lat' dir='ltr'>Salios,</span> <span class='ocrx_word' id='word_1_377' title='bbox 844 4303 895 4380; x_wconf 89' lang='lat' dir='ltr'>qui</span> <span class='ocrx_word' id='word_1_378' title='bbox 913 4304 983 4362; x_wconf 88' lang='lat' dir='ltr'>fana</span> <span class='ocrx_word' id='word_1_379' title='bbox 1001 4302 1110 4362; x_wconf 88' lang='lat' dir='ltr'>Pavori</span> <span class='ocrx_word' id='word_1_380' title='bbox 1129 4302 1301 4380; x_wconf 89' lang='lat' dir='ltr'>Pallorique</span> <span class='ocrx_word' id='word_1_381' title='bbox 1321 4305 1358 4363; x_wconf 90' lang='lat' dir='ltr'>ab</span> 
     </span>
     <span class='ocr_line' id='line_1_47' title="bbox 184 4390 1358 4472; baseline 0.003 -24"><span class='ocrx_word' id='word_1_382' title='bbox 184 4391 328 4468; x_wconf 89' lang='lat' dir='ltr'>Hostilio,</span> <span class='ocrx_word' id='word_1_383' title='bbox 351 4392 385 4449; x_wconf 91' lang='lat' dir='ltr'>ut</span> <span class='ocrx_word' id='word_1_384' title='bbox 408 4390 489 4450; x_wconf 86' lang='lat' dir='ltr'>fama</span> <span class='ocrx_word' id='word_1_385' title='bbox 514 4394 593 4470; x_wconf 87' lang='lat' dir='ltr'>erat,</span> <span class='ocrx_word' id='word_1_386' title='bbox 616 4392 716 4453; x_wconf 86' lang='lat' dir='ltr'>dieata</span> <span class='ocrx_word' id='word_1_387' title='bbox 733 4393 959 4470; x_wconf 83' lang='lat' dir='ltr'>ministrabant,</span> <span class='ocrx_word' id='word_1_388' title='bbox 983 4392 1116 4453; x_wconf 82' lang='lat' dir='ltr'>diuersos</span> <span class='ocrx_word' id='word_1_389' title='bbox 1136 4409 1200 4452; x_wconf 90' lang='lat' dir='ltr'>esse</span> <span class='ocrx_word' id='word_1_390' title='bbox 1221 4393 1258 4454; x_wconf 90' lang='lat' dir='ltr'>ab</span> <span class='ocrx_word' id='word_1_391' title='bbox 1277 4392 1358 4472; x_wconf 87' lang='lat' dir='ltr'>Ago-</span> 
     </span>
    </p>
   </div>
   <div class='ocr_carea' id='block_1_9' title="bbox 0 0 1572 4858">
    <p class='ocr_par' dir='ltr' id='par_1_17' title="bbox 0 0 1572 4858">
     <span class='ocr_line' id='line_1_48' title="bbox 0 0 1572 4858; baseline 0 0"><span class='ocrx_word' id='word_1_392' title='bbox 0 0 1572 4858; x_wconf 95' lang='lat' dir='ltr'> </span> 
     </span>
    </p>
   </div>
  </div>
 </body>
</html>
