3132 4858
529 79 689 138 carminum
709 78 859 137 Saliarium
879 79 1024 151 reliquiae.
1301 84 1364 148 321

190 254 297 314 nutiva
313 253 383 313 sunt
395 245 570 328 ‘priviclois'
589 251 624 310 fr.
642 251 692 326 25,
713 254 743 311 11
757 243 948 310 ‘molucrum'
962 251 999 310 fr.
1016 253 1066 330 15,
1085 252 1211 311 verbum
1228 252 1364 331 frequen-

191 343 321 404 tativum
334 361 426 400 unum
441 341 473 400 in
486 341 620 416 reliquiis
635 341 721 400 adest
736 334 934 417 ‘praeceptat’
949 340 1046 401 1128.
1076 339 1363 418 Compositorum

191 431 383 493 verborum
401 431 589 507 frequentem
602 430 732 506 legimus
747 430 778 488 in
793 429 973 489 carminibus
989 449 1154 505 numerum,
1174 425 1363 507 ‘supplicate’

192 521 227 580 fr.
244 523 271 597 1,
291 512 432 579 tadoriso'
447 519 483 579 fr.
499 521 517 578 2
533 511 563 596 (1
582 512 776 601 coniectura),
796 512 992 595 ‘praeceptat'
1006 519 1041 578 fr.
1060 521 1110 597 28,
1130 514 1363 594 ‘promenervat'

192 610 227 668 fr.
243 611 294 686 20,
313 603 524 684 ‘praepotiont'
545 609 582 668 fr.
597 609 648 683 30,
667 601 842 684 ‘prospices’
857 609 894 669 fr.
910 610 961 686 31,
981 602 1133 684 ‘perfines'
1147 609 1184 668 fr.
1200 610 1251 682 33,
1270 628 1364 686 eaque

191 699 252 758 iam
272 699 407 757 extitisse
428 697 561 774 sequitur
579 700 736 774 praeterea
755 716 790 757 ex
806 690 943 757 ‘insioiis’
962 690 1085 779 (1113)
1104 702 1195 776 alque
1215 717 1250 757 ex
1269 698 1364 758 adiee-

191 788 255 847 tivo
267 780 470 864 ‘promeriom’
487 780 536 864 (fr.
552 778 617 868 24).
650 787 756 862 Itaque
775 787 897 863 linguae
915 786 1026 846 latinae
1045 805 1153 846 aevum
1172 786 1261 846 etiam
1281 791 1364 847 vetu-

191 877 267 936 stius
290 875 322 935 in
340 874 438 934 animo
457 876 549 935 habet
567 876 677 935 Festus
695 896 724 951 p.
740 876 805 934 444
823 866 935 956 (309):
960 869 1031 934 ‘sub
1055 894 1108 936 vos
1132 877 1217 951 placo
1240 877 1271 935 in
1294 897 1362 954 pre-

191 965 275 1026 cibus
298 965 360 1024 fere
384 983 452 1024 oum
474 965 597 1041 dicitur,
625 963 774 1043 significat
797 965 828 1023 id
851 964 930 1041 quod
955 964 1102 1042 supplico,
1132 967 1167 1024 ut
1191 965 1223 1024 in
1246 966 1363 1043 legibus

191 1055 332 1130 transque
356 1055 426 1115 dato
451 1056 481 1114 et
505 1053 639 1130 endoque
663 1047 805 1131 plorato’5
835 1057 925 1130 atque
948 1054 1030 1130 leges
1060 1071 1135 1130 quas
1159 1054 1233 1113 citat
1255 1054 1362 1114 Festus

190 1163 256 1203 cum
279 1143 339 1203 XH
365 1144 487 1204 tabulae
517 1162 582 1204 esse
609 1143 780 1220 videantur,
807 1143 861 1202 illa
889 1143 1053 1203 carminum
1083 1143 1243 1204 Saliarium
1270 1145 1363 1204 verba

191 1225 365 1293 decemviris
384 1232 550 1308 posteriora
568 1251 634 1292 esse
653 1235 795 1310 sequitur.
835 1232 934 1290 Unum
954 1233 1075 1308 pristini
1092 1233 1174 1292 illius
1194 1251 1280 1309 usus,
1304 1253 1361 1311 quo

189 1325 220 1380 et
235 1321 409 1383 adverbium
423 1324 455 1380 et
467 1322 593 1380 verbum
607 1321 756 1380 disiuncta
777 1321 868 1380 etiam
888 1324 982 1396 erant,
1002 1325 1097 1382 restat
1111 1323 1279 1398 exemplum
1295 1323 1361 1382 116

190 1404 277 1486 ‘prae
295 1410 346 1468 ted
364 1402 531 1468 tremonti'.

278 1497 565 1559 Edeclinatio'ne
592 1497 942 1558 nominum.memoria
970 1499 1060 1578 digna
1087 1498 1150 1558 fere
1176 1503 1249 1559 sunt
1275 1500 1361 1571 haec:

190 1587 358 1648 Genetivi
383 1588 472 1662 sing.
500 1588 616 1646 nullum
642 1590 688 1647 est
711 1588 892 1664 exemplum,
920 1588 1082 1648 dativum
1114 1606 1206 1647 unum
1235 1588 1362 1666 legimus

187 1678 223 1736 11.
242 1680 257 1735 1
275 1670 362 1751 ‘deo’,
378 1677 456 1752 quod
470 1696 507 1737 ne
521 1678 664 1737 novatum
679 1697 714 1736 ex
729 1671 819 1738 ‘deci'
835 1677 986 1736 existimes
1001 1680 1131 1736 metrum
1147 1678 1267 1737 obstare
1282 1677 1360 1738 vide-

187 1770 250 1843 111,
271 1765 389 1826 dativus
407 1765 502 1841 igitur
521 1765 569 1826 hic
587 1766 680 1825 fibula
698 1766 894 1826 Praenestina
914 1765 1012 1826 iunior
1030 1769 1121 1842 atque
1144 1768 1280 1842 aequalis
1299 1768 1361 1826 fere

188 1855 287 1914 Dueni
305 1854 492 1932 inscriptioni
512 1858 570 1931 est3
589 1855 774 1916 ablativos
795 1855 910 1914 adiecto
929 1855 982 1915 illo
1002 1855 1021 1913 d
1039 1855 1184 1915 formatos
1204 1856 1278 1915 duos
1298 1875 1359 1915 aar·

186 1943 268 2002 mina
283 1943 423 2003 exhibent
436 1945 471 2003 11.
483 1947 501 2003 2
518 1938 632 2006 ‘varod'
648 1947 678 2004 et
692 1945 728 2004 11.
741 1946 759 2004 6
771 1937 854 2019 ‘teet
869 1947 973 2004 contra
983 1936 1122 2019 ‘poltero'
1136 1945 1173 2004 11.
1186 1947 1225 2005 23
1242 1947 1272 2004 et
1281 1977 1325 1986 —
1336 1946 1361 2006 si

188 2031 339 2093 ablativus
354 2036 450 2091 est-
465 2026 602 2093 ‘sonivio’
617 2033 653 2094 fr.
667 2036 706 2093 16
722 2033 853 2094 noviciae
868 2034 1030 2092 ostendunt
1049 2034 1169 2093 formas.
1205 2033 1316 2094 Vocum
1330 2035 1361 2093 in
1399 2109 1401 2112 Ι

187 2121 231 2180 -io
247 2121 445 2182 desinentium
464 2123 655 2183 vocatives
674 2122 818 2182 habemus
834 2115 975 2181 ‘Mamuri
990 2116 1109 2181 Veturi'
1124 2123 1159 2182 fr.
1176 2124 1204 2200 8,
1219 2116 1360 2183 Ῥ111111’

186 2212 222 2268 fr.
238 2213 257 2269 2
275 2203 308 2291 ’(1
327 2202 524 2292 coniectura),
549 2215 580 2270 at
600 2204 765 2270 ‘Louoesie’
790 2212 827 2272 11.
848 2214 882 2288 63
909 2230 995 2270 nom.
1015 2210 1105 2287 plur.
1129 2231 1183 2287 per
1208 2213 1237 2271 oi
1260 2213 1296 2271 fr.
1319 2215 1358 2273 19

188 2294 351 2377 ‘pilumnoe
370 2293 499 2377 poploe',
519 2303 623 2359 contra
640 2320 695 2377 per
715 2300 742 2360 ei
762 2292 860 2360 ‘virei'
880 2301 915 2359 fr.
932 2302 960 2360 6.

275 2388 395 2449 Genet.
409 2390 499 2465 plur.
515 2382 638 2449 ‘divom'
654 2381 729 2470 (bis)
744 2390 779 2448 fr.
797 2393 824 2466 1,
844 2389 912 2448 dat.
929 2388 976 2449 vel
994 2389 1062 2448 abl.
1077 2390 1168 2464 plur.
1184 2382 1359 2465 ‘priviclois’

186 2477 222 2538 fr.
235 2480 285 2552 25,
300 2481 331 2537 11
341 2481 458 2538 mutata
467 2470 695 2554 formo‘pesnis'
702 2478 739 2536 fr.
749 2481 798 2539 21.
823 2478 1114 2538 Declinationem
1130 2497 1234 2537 earum
1244 2497 1359 2557 vocum,

188 2585 264 2644 quae
283 2569 374 2644 vulgo
393 2568 424 2626 in
442 2567 492 2627 -io
512 2568 656 2643 exierunt,
675 2567 810 2626 sibinen
829 2570 965 2627 constare
987 2569 1077 2643 atque
1097 2585 1165 2626 mox
1185 2567 1309 2644 stirpem
1327 2569 1358 2626 in

145 2713 146 2718 ,
188 2656 242 2730 ·io‚
267 2674 334 2715 mox
352 2657 383 2714 in
401 2657 440 2716 is·
460 2658 593 2715 secutam
610 2674 675 2715 esse
695 2660 798 2717 notum
818 2660 877 2730 est,
901 2655 989 2715 huius
1016 2655 1060 2714 rei
1084 2658 1252 2731 exemplum
1272 2657 1358 2716 adest

187 2749 217 2806 et
231 2745 322 2804 Ianus
338 2748 368 2804 et
380 2745 462 2804 Ianis
477 2745 580 2804 eodem
594 2745 773 2821 fragmento,
794 2745 830 2804 fr.
846 2748 874 2814 2,
895 2747 1052 2820 praeterea
1064 2745 1209 2806 habemus
1225 2739 1358 2805 ‘marrus'

185 2835 222 2894 11.
239 2837 280 2894 12
305 2827 356 2916 (cf.
373 2835 471 2894 Dueni
492 2825 650 2916 ‘manom’)
669 2852 849 2911 quamquam
870 2835 999 2909 posteris
1018 2852 1120 2895 manes
1140 2834 1245 2895 usitati
1264 2839 1358 2912 erant,

188 2929 290 2984 contra
310 2917 432 3000 ‘pescia'
451 2925 487 2982 fr.
504 2926 532 3002 9,
552 2924 600 2982 oui
619 2925 751 2983 Marsum
771 2915 884 3001 ‘pesco'
903 2923 1071 3001 opponitur.

274 3013 508 3073 Everborum
528 3012 774 3078 declinatione
799 3013 876 3072 duae
895 3013 980 3072 nobis
1001 3015 1136 3073 servatae
1156 3015 1226 3072 sunt
1244 3012 1358 3072 formae

187 3101 419 3177 vetustissimae,
439 3121 514 3177 quae
534 3101 572 3160 ad
591 3102 737 3177 originem
757 3101 821 3160 fere
840 3103 1014 3178 linguarum
1028 3101 1202 3160 Italicarum
1220 3101 1357 3160 recedere

186 3190 283 3265 primo
302 3190 412 3248 obtutu
432 3190 584 3267 videntur,
613 3183 778 3251 ‘tremonti'
796 3193 866 3250 tert.
889 3208 966 3266 pers.
986 3189 1061 3264 plur.
1081 3189 1141 3248 ind.
1159 3207 1255 3264 praes.
1279 3189 1316 3248 fr.
1337 3191 1355 3249 6

186 3270 347 3356 (tremunt)
368 3272 617 3354 atque‘adoriso'
637 3297 692 3338 sec.
712 3298 789 3354 pers.
809 3281 884 3354 sing.
903 3279 962 3340 ind.
981 3297 1077 3354 praes.
1098 3270 1251 3358 (adoriris)
1271 3278 1308 3338 fr.
1323 3281 1356 3354 2;

188 3360 353 3427 ‘tremonti’
368 3366 551 3444 primarium,
572 3371 607 3426 ut
621 3368 706 3428 aiunt
720 3369 917 3444 grammatici,
938 3368 1079 3427 suffixum
1094 3367 1234 3444 ostendit,
1253 3369 1357 3426 contra

186 3450 398 3532 ‘praepotiont’
418 3456 453 3515 fr.
470 3457 512 3516 30
527 3457 742 3516 secundarium.
787 3457 972 3518 Iniunctivus
995 3455 1168 3532 imperativi
1188 3455 1355 3532 significatu

186 3550 232 3605 est
242 3539 417 3622 ‘prospices'
432 3545 467 3604 11.
479 3547 532 3624 31,
545 3539 696 3621 ‘perfines'
711 3546 782 3622 quid
797 3547 837 3606 sit
850 3547 928 3605 infra
941 3547 979 3605 ad
995 3546 1031 3604 fr.
1044 3547 1084 3604 33
1099 3546 1285 3621 disputatum
1302 3548 1356 3604 est.

274 3634 381 3710 Itaque
404 3638 439 3692 ut
462 3653 609 3693 summam
633 3635 753 3712 faciam,
782 3639 851 3695 sunt
877 3635 995 3710 quidem
1018 3634 1131 3694 formae
1153 3636 1355 3712 pervetustae,

186 3724 346 3800 pleraeque
365 3742 435 3783 vero
455 3724 536 3782 ultra
554 3723 668 3782 liberae
686 3723 730 3782 rei
749 3722 885 3798 publicae
904 3726 1036 3782 aetatem
1054 3723 1151 3782 redire
1175 3742 1233 3782 non
1251 3723 1355 3784 viden·

185 3814 249 3889 tur,
273 3814 375 3871 contra
398 3812 473 3872 nihil
496 3815 555 3886 est,
581 3811 661 3887 quod
679 3811 776 3887 Appio
796 3809 920 3871 Claudio
944 3811 1093 3871 recentius
1117 3811 1169 3886 sit,
1194 3811 1253 3870 nisi
1276 3813 1354 3887 quod
1409 3871 1411 3874 ,

185 3902 447 3975 grammaticorum
470 3901 600 3961 novandi
624 3901 722 3960 studio
747 3901 850 3960 deberi
875 3903 1013 3977 apertum
1036 3904 1090 3960 est.
1135 3901 1236 3960 Etiam
1260 3918 1353 3976 angu-

186 3989 328 4048 stioribus
356 3989 464 4049 finibus
493 3990 734 4050 circumscribere
765 3991 929 4050 carminum
953 3988 1113 4050 Saliarium
1141 3990 1272 4048 aetatem
1294 4007 1353 4048 non

183 4095 344 4156 possumus
366 4082 486 4153 praeter
509 4079 589 4155 quod
607 4079 644 4139 fr.
660 4081 700 4138 19
725 4071 891 4161 (pilumnoe
909 4071 1031 4161 poploe)
1050 4080 1150 4156 quarti
1169 4077 1280 4138 saeculi
1304 4071 1353 4158 (cf.

185 4157 315 4247 comm),
335 4167 447 4225 saeculi
461 4169 592 4227 eiusdem
608 4169 743 4229 exeuntis
762 4169 797 4228 fr.
813 4170 832 4228 8
848 4162 970 4248 (Veturi
984 4161 1105 4249 nomen)
1120 4171 1151 4226 et
1165 4167 1200 4226 fr.
1216 4167 1257 4226 29
1274 4157 1353 4248 (pro-

185 4247 354 4335 menervat)
371 4274 436 4316 esse
450 4257 612 4318 verisimile
627 4261 685 4318 est:
705 4257 756 4319 sed
771 4260 885 4317 certum
899 4259 954 4335 est,
975 4277 1034 4318 non
1049 4257 1148 4316 omnia
1162 4274 1220 4317 uno
1234 4254 1352 4316 eodem·
