3132 4858
212 145 277 210 320
342 185 355 206 0
655 147 686 205 B.
705 147 953 205 Maurenbrecher:

224 317 400 394 composita3
429 336 497 376 nam
524 318 556 377 in
584 319 655 379 deos
684 319 818 394 singulos
844 339 948 379 versus
971 319 1035 378 ficti
1058 339 1077 379 a
1099 320 1267 380 nominibus
1294 341 1394 382 eorum

224 407 475 484 appellabantur„
492 410 527 466 ut
545 407 656 485 Ianuli,
674 408 806 485 Iunonii‚
824 403 984 483 Minervii'‚
1003 429 1128 485 quocum
1148 411 1283 470 conferas
1304 411 1394 471 velim

224 494 309 555 Paul.
329 495 410 554 Diac.
430 518 458 573 p.
476 499 493 556 6
509 488 572 578 (8):
593 490 703 574 ‘arara
721 491 896 557 nominare'.

313 612 346 702 d)
374 621 421 680 De
449 622 645 681 carminum
669 623 954 701 saltationisquc
978 623 1104 682 modis:
1132 624 1256 683 Praeter
1280 623 1397 684 Cicero·
1516 647 1522 658 ·
1558 627 1559 666 ³

223 709 270 769 nis
288 709 307 768 1.
327 711 345 769 l.

313 816 446 964 quiusJ
463 819 512 891 26,
528 820 563 877 4:
583 812 647 894 ‘por
666 819 771 879 urbem
789 819 833 878 ire
852 821 992 879 canentes
1011 838 1078 878 cum
1092 819 1231 895 tripudiis
1247 821 1396 880 sollemni-

228 925 286 981 que
305 924 338 965 sa
350 911 425 966 tatu.
840 925 845 940 ’

316 993 440 1054 Ovidius
459 996 478 1056 l.
497 996 530 1055 l:
550 989 609 1054 ‘Ad
629 1000 724 1055 certos
743 997 835 1057 verba
854 998 986 1056 canenda
1005 990 1129 1057 modos?

243 1124 247 1130 -
315 1083 438 1153 Quintil.
453 1084 469 1143 I
485 1086 535 1161 10,
551 1087 605 1144 2οε
625 1080 742 1145 ‘versus
762 1105 881 1163 quoquc
901 1086 1050 1146 Saliorum
1069 1085 1182 1146 habent
1200 1081 1340 1146 earmcn'

315 1172 421 1233 Horat.
439 1192 527 1233 carm.
542 1173 586 1232 IV
603 1177 629 1248 1,
647 1176 700 1234 25:

696 1259 780 1324 ‘illic
798 1264 845 1324 bis
863 1267 950 1341 pueri
969 1266 1017 1324 die

469 1352 589 1412 Numen
607 1373 674 1412 oum
692 1355 804 1414 teneris
822 1355 991 1430 virginibus
1009 1357 1095 1413 tuum

470 1441 641 1502 Laudantes
660 1443 736 1518 pade
755 1443 881 1503 candido

469 1529 504 1588 In
523 1551 636 1590 morem
656 1531 770 1590 Salium
789 1537 837 1591 ter
855 1534 992 1608 quatient
1011 1525 1156 1592 humum.²

314 1636 355 1696 id.
372 1637 454 1714 136,
471 1640 525 1696 12;
545 1632 624 1697 ‘Neu
642 1657 754 1698 morem
773 1639 805 1697 in
825 1639 937 1698 Salium
956 1640 998 1699 sit
1015 1639 1133 1714 requies
1152 1632 1284 1715 pedum.'

315 1740 465 1802 Plutarch.
488 1743 578 1803 Num.
602 1763 625 1804 c.
647 1746 702 1804 13:
732 1738 916 1805 εΚινοῡνται
944 1741 1005 1819 γὰρ
1029 1742 1219 1850 ἐπιτεμπῶτ,
1249 1740 1397 1847 ἑλιγμούτ

226 1915 333 1995 ῥώμη(
352 1917 403 1980 καὶ
422 1917 623 1996 κουφότητος
642 1917 873 1983 ἀποδιδόντε(.’

315 2017 466 2078 Lucienus
485 2022 521 2078 dc
542 2021 609 2080 salt.
630 2039 654 2080 c.
669 2023 725 2080 20:
755 2014 838 2080 ‘’Gul
861 2017 987 2081 τούτοις
1011 2017 1132 2081 δίκαιον
1151 2018 1229 2095 μηδὲ
1248 2021 1304 2095 τῆς
1321 2016 1398 2081 Ῥω-

227 2102 328 2181 μαίων
352 2101 513 2182 ὀμχήιεωι
532 2103 739 2184 ἀμνημονεῖν,
763 2109 803 2185 ἣν
822 2105 853 2169 οἱ
872 2107 1093 2183 εὐγενέετατοι
1112 2105 1219 2170 αὐτῶν
1237 2111 1283 2188 τῷ
1302 2109 1398 2170 πολε-

227 2191 392 2274 μικωτάτῳ
420 2196 486 2256 τῶν
515 2197 598 2258 θεῶν
624 2191 712 2273 Ἀμει
741 2194 771 2258 οἱ
800 2193 908 2259 (άλιοι
933 2196 1148 2274 καλούμενοι.
1173 2245 1179 2256 .
1204 2194 1399 2274 ,ὀρχοῦνται
1514 2205 1517 2211 “

228 2280 421 2360 εεμνοτάτην
440 2303 475 2345 τε
495 2281 559 2360 ἅμα
577 2283 628 2347 καὶ
646 2281 843 2366 ἱερωτάτηνῖ

316 2375 437 2451 Dionys.
452 2375 483 2434 ΙΙ
499 2379 551 2436 7οε
572 2369 756 2436 ‘rivocano
774 2374 835 2450 γὰρ
855 2374 936 2452 πρὸ(
955 2373 1056 2437 αὐλὸν
1075 2373 1111 2436 ἐν
1130 2372 1238 2456 ῥυθμῷ
1257 2373 1313 2437 τὰ(
1328 2373 1398 2437 ἐνο-

227 2459 339 2523 πλίου(
358 2462 498 2540 κινήεειτ,
517 2462 591 2524 τοτὲ
611 2462 669 2539 μὲν
688 2461 777 2540 ὁμοῦ,
796 2464 870 2526 τοτὲ
890 2464 925 2526 δὲ
945 2460 1133 2541 παραλλάξ.’

316 2562 428 2622 Allatis
451 2561 543 2641 Livii,
565 2564 698 2640 Horatii,
721 2564 877 2624 Plutarchi
905 2565 979 2624 locis
1008 2583 1074 2623 cum
1103 2563 1252 2623 efficiatur
1274 2566 1400 2624 calcasse

227 2649 323 2711 Salios
342 2651 429 2711 modo
447 2672 502 2728 per
520 2656 581 2712 tres
596 2654 686 2730 pedes
702 2651 859 2730 descripto,
878 2654 897 2714 i.
913 2674 938 2715 e.
951 2655 1103 2713 trochaico
1117 2654 1292 2729 iambiccve‚
1311 2654 1400 2712 simul

227 2743 428 2817 consequatur
465 2742 576 2801 eisdem
607 2742 703 2802 modis
737 2743 827 2802 etiam
860 2744 992 2802 carmina
1025 2761 1126 2802 eorum
1156 2745 1297 2819 concepta
1325 2761 1398 2814 esso,

228 2832 332 2888 contra
350 2829 438 2888 modo
456 2833 599 2905 quattuor
613 2833 723 2906 pedum
737 2832 756 2890 i.
772 2851 796 2891 e.
812 2832 972 2909 spondiaco
986 2832 1055 2891 illos
1070 2833 1197 2891 saltasse
1211 2850 1245 2889 ac
1259 2830 1400 2890 cecinisse

228 2919 322 2977 refert
340 2917 500 2978 Diomedes
519 2913 549 2999 (Ι
566 2939 595 2994 p.
610 2921 674 2978 476
688 2913 743 2998 K):
767 2914 914 2979 ‘Numam
933 2921 1112 2996 Pompilium
1129 2965 1135 2978 .
1151 2965 1158 2978 .
1174 2965 1180 2976 .
1197 2920 1276 2979 hunc
1294 2919 1400 2995 pedem

227 3007 412 3083 pontificium
432 3008 600 3084 appellasse
618 3012 794 3084 memorant,
814 3029 880 3070 cum
901 3010 998 3069 Salios
1017 3011 1147 3068 iuniores
1166 3009 1270 3085 aequis
1289 3009 1398 3084 gressi-

230 3097 287 3155 bus
306 3096 484 3158 circulantes
501 3097 657 3157 induceret
671 3101 703 3158 et
717 3100 848 3175 spondeo
862 3100 940 3159 melo
954 3099 1068 3175 patrios
1082 3099 1218 3175 placaret
1231 3091 1399 3175 indigetes?

320 3231 353 3301 3.
374 3240 423 3299 Dc
442 3242 638 3300 carminum
654 3241 850 3301 Saliarium
869 3241 990 3301 indole
1009 3244 1220 3316 argumento
1235 3239 1400 3300 historia.

319 3344 446 3404 Carmen
463 3345 519 3405 hoc
538 3347 574 3405 dc
590 3367 647 3424 quo
663 3349 779 3424 agimus
795 3347 910 3407 Saliare
925 3347 1071 3424 appellari
1085 3367 1103 3406 a
1116 3347 1189 3406 viris
1204 3347 1300 3407 doctis
1316 3348 1400 3422 solet,

229 3434 362 3494 carmina
378 3434 506 3493 Saliaria
524 3454 580 3513 ego
600 3437 720 3511 quidem
739 3441 770 3495 et
788 3437 927 3512 inscripsi
945 3437 1067 3495 titulum
1087 3438 1118 3495 et
1135 3437 1247 3514 ubique
1265 3437 1401 3515 laudavi5

230 3543 321 3600 quare
344 3524 475 3600 primum
500 3526 602 3582 utrum
621 3544 729 3584 nomen
747 3529 860 3584 rectum
881 3525 922 3585 sit
940 3526 1220 3601 circumspiciamus.
1256 3524 1357 3601 Atque
1377 3529 1400 3584 sl

229 3633 387 3673 numerare
415 3613 490 3674 velis
518 3617 652 3674 veterum
681 3618 837 3675 auctorum
864 3615 900 3674 de
924 3615 1088 3674 Saliaribus
1113 3614 1293 3674 carminibus
1316 3615 1399 3673 testi·

230 3703 342 3781 monia,
365 3702 500 3765 inuenies
524 3705 648 3764 candem
671 3707 805 3765 locorum
823 3705 939 3781 copiam
957 3704 1077 3780 utrique
1096 3704 1262 3764 sentcntiae
1280 3707 1401 3807 proaest

232 3811 310 3871 esse,
335 3793 500 3868 expendere
524 3812 560 3853 ea
583 3795 609 3852 si
626 3794 673 3856 uis
691 3795 822 3870 reperies
841 3795 995 3872 graviores
1014 3795 1108 3853 testes
1127 3796 1207 3852 stare
1226 3812 1279 3868 pro
1299 3794 1402 3852 carmi-

231 3883 320 3941 nibus
338 3881 518 3960 Saliaribus,
541 3901 602 3943 non
619 3903 673 3960 pro
693 3885 831 3943 carmine.
868 3884 969 3961 Atque
986 3883 1083 3942 Varro
1103 3882 1222 3959 quidem
1241 3886 1401 3959 utrumque

231 3972 348 4050 laudat,
372 3971 505 4030 carmina
528 3991 564 4030 ea
582 3973 654 4031 dicit
671 3975 736 4033 loco
756 3991 811 4049 sup
813 3991 847 4032 ra
866 3974 958 4032 allato
979 3965 1069 4053 (del.
1088 3973 1108 4030 l
1123 3971 1217 4030 Vlla
1239 3975 1269 4032 et
1287 3973 1361 4032 dcl
1381 3973 1400 4029 l.

231 4061 274 4119 IX
291 4064 329 4121 61
356 4054 408 4142 (ad
422 4060 458 4120 fr.
475 4052 524 4142 5),
552 4080 671 4120 carmen
694 4062 741 4121 bis
765 4063 900 4138 appellat
917 4062 952 4120 fr.
969 4065 1034 4120 aet
1051 4063 1105 4134 14,
1134 4063 1226 4120 semel
1250 4057 1302 4141 (ad
1317 4063 1353 4120 fr
1366 4063 1381 4118 1

232 4144 275 4207 in
289 4150 440 4210 Saliorum
458 4143 559 4210 versu'
579 4151 659 4210 citat.
691 4151 796 4265 Neque
805 4152 918 4211 Festus
936 4143 1014 4232 (srva
1025 4150 1165 4210 Verrrum
1179 4152 1276 4211 dicere
1290 4150 1385 4210 mavis

233 4245 368 4300 constare
393 4240 451 4301 sibi
472 4240 604 4318 videtur,
627 4241 678 4317 qui
702 4261 718 4300 e
741 4235 882 4301 carmine
901 4233 1021 4300 Saliari'
1044 4242 1214 4320 fragmenta
1239 4239 1401 4315 sumpsisse

233 4348 264 4389 se
287 4331 393 4390 laudat
412 4333 441 4404 9,
461 4333 510 4406 19,
531 4333 582 4406 22,
602 4333 653 4404 28,
673 4334 714 4392 35
739 4322 830 4414 (adde
853 4351 890 4391 ex
907 4331 1001 4391 Paulo
1020 4330 1151 4391 Diacono
1169 4331 1204 4389 fr.
1224 4332 1264 4389 12
1285 4332 1315 4388 et
1336 4319 1402 4409 13),
